2485 3299
910 284 1495 391 ,ωηε-

306 429 435 465 Codex
462 429 614 465 vocibus
635 427 816 464 distinctis
845 428 895 463 ita
927 436 981 463 est
1008 428 1184 477 scriptus,
1213 436 1253 463 ut
1285 429 1411 466 literae
1439 432 1598 482 spatium
1624 433 1809 484 expleant,
1840 420 2019 489 Vdigitos
2039 447 2075 474 et
2094 438 2179 475 VIII

228 497 343 532 lineas
360 497 534 546 longum,
562 495 612 530 IV
639 495 716 530 sere
735 493 870 544 digitos
887 494 1013 533 latum.
1069 493 1227 532 Inferior
1254 495 1436 544 cuiusque
1456 498 1609 548 paginae
1629 511 1756 550 margo
1776 510 1830 537 est
1848 503 2002 548 XXVII,
2019 506 2179 540 exterior

229 561 364 604 XVIlI,
379 559 548 610 superior
567 567 604 595 et
620 559 777 595 interior
797 559 852 595 IX
871 551 1064 595 linearum.
1118 558 1329 608 Scripturae
1355 571 1438 596 area
1456 560 1502 595 ad
1529 563 1711 600 circinum
1731 572 1768 600 et
1786 576 1954 601 normam
1970 563 2178 617 ‘aequaliter

228 629 409 676 descripta
428 637 482 663 est
503 636 617 676 atque
636 626 772 674 divisa,
806 636 843 663 et
872 627 1001 662 circini
1028 634 1166 676 puncta
1193 626 1232 662 in
1263 626 1462 674 exterioris·
1480 629 1654 679 marginis
1683 630 1811 667 ultima
1829 644 1895 667 ora
1914 632 1986 668 alte
2005 634 2180 684 impressa

228 691 521 742 conspiciuntur.
577 691 713 729 Versus
741 700 830 729 sunt
844 691 1026 736 continui,
1058 703 1135 727 non
1149 689 1293 726 dissecti
1308 691 1346 727 in
1361 691 1564 730 columnas.
1618 695 1761 732 Eorum
1776 709 1953 733 numerus
1967 707 2180 736 constanter

227 769 282 795 est
315 759 435 796 XXII.
500 759 663 811 Vestigia
691 760 890 805 linearum,
937 771 1030 808 quas
1055 758 1094 794 in
1129 756 1322 794 exarandis
1348 757 1463 794 literis
1493 768 1643 797 secutus
1674 771 1728 798 est
1752 761 1944 809 librarius,
1985 764 2024 800 in
2055 777 2180 813 aversa

224 827 526 863 membranarum
554 835 659 877 parte
684 833 874 876 apparent.
1892 826 1896 829 ⁴

302 893 445 929 Literae
459 893 612 938 minori,
627 904 737 942 quem
750 889 894 937 dicunt,
908 891 1080 927 Romano
1094 890 1307 948 charactere
1326 900 1451 927 erecto
1465 891 1730 943 elegantissime
1743 907 1785 931 ac
1799 894 2078 947 diligentissime
2094 907 2181 934 sunt

223 965 413 1003 exaratae,
433 969 501 1012 nec
514 956 716 993 admodum
730 956 941 993 cohaerent.
999 956 1119 992 Litera
1149 954 1166 990 1
1194 954 1419 1006 plerumque
1438 956 1517 992 sine
1532 966 1673 1007 puncto
1691 971 1703 992 ι
1724 954 1919 1006 scribitur3
1947 960 2013 996 ubi
2040 961 2179 1012 duplex

223 1033 297 1068 est,
336 1024 543 1073 saepissime
571 1027 602 1059 c't'
623 1032 791 1070 notatur3
817 1037 847 1070 y
876 1023 987 1060 etiam
1013 1022 1114 1060 haud
1140 1036 1224 1059 raro
1253 1023 1367 1061 habet
1390 1033 1574 1075 punctum
1598 1039 1708 1076 supra
1727 1026 1906 1076 positum3
1928 1037 2177 1067 vconstanter

222 1089 399 1127 scribitur
425 1103 466 1137 u;
501 1102 518 1126 s
543 1088 822 1141 longiusculum
852 1088 890 1125 in
922 1087 1194 1126 vocabulorum
1230 1087 1305 1125 fine
1330 1087 1692 1139 frequentissimum3
1724 1097 1798 1137 aer,
1830 1099 1941 1142 poeta
1972 1092 2177 1131 diaereseos

222 1158 370 1207 punctis
396 1165 539 1203 earent;
568 1169 702 1214 graeca
726 1156 918 1193 interdum
942 1156 1064 1194 latinis
1094 1156 1209 1194 literis
1233 1156 1354 1207 pinxit
1377 1156 1564 1195 librarius*
1583 1156 1776 1204 indoctus3
1806 1167 2028 1195 accentuum
2065 1147 2177 1210 signis

221 1223 505 1275 distinguuntur
525 1222 700 1260 adverbia
712 1220 812 1272 fini,
834 1221 943 1267 altas,
966 1221 1065 1267 sane,
1089 1221 1172 1268 unit,
1193 1230 1306 1260 acuto
1332 1222 1371 1268 α’,
1400 1221 1431 1267 e',
1459 1222 1502 1263 eo¹
1526 1222 1663 1272 (tanto)
1683 1223 1883 1274 quominus,
1897 1223 2173 1274 propemodum,

223 1288 412 1324 interdum
433 1288 544 1323 etiam
557 1287 683 1333 verba,
703 1295 747 1324 ut
763 1288 971 1337 opinamur,
988 1285 1116 1323 sole're.
1169 1288 1325 1337 Signum
1350 1294 1382 1329 ό
1407 1287 1464 1324 bis
1479 1288 1653 1333 occurrit,
1676 1289 1716 1324 in
1730 1290 1914 1335 vocativis
1925 1290 2024 1325 brute
2038 1290 2130 1340 (cap.
2145 1291 2175 1338 1)

222 1364 259 1390 et
293 1354 426 1394 iudices
459 1355 553 1404 (cap.
589 1353 700 1402 XLI).
754 1351 970 1390 Maiusculis
1002 1352 1116 1388 literis
1148 1352 1321 1390 librarius
1353 1366 1442 1390 usus
1468 1361 1524 1390 est
1555 1353 1594 1394 in
1629 1353 1815 1392 librorum
1836 1355 1953 1393 titulis
1972 1366 2008 1392 et
2028 1357 2066 1393 in
2091 1356 2177 1393 libri

221 1422 405 1470 cuiusque
434 1421 557 1470 primo
590 1432 711 1456 versu.
765 1419 1007 1471 Singulorum
1034 1433 1124 1456 vero
1150 1418 1423 1456 vocabulorum
1450 1419 1567 1470 prima
1591 1418 1696 1455 litera
1716 1408 1917 1457 maiuscula
1943 1420 1981 1456 in
2000 1433 2176 1457 versuum

223 1488 331 1523 initio
348 1495 435 1537 post
454 1486 633 1523 maiorem
647 1486 824 1526 orationis
842 1485 1117 1523 distinctionem
1150 1494 1363 1522 constanter
1379 1486 1418 1522 in
1438 1486 1643 1537 marginem
1659 1487 1834 1524 excurrit.

298 1552 415 1589 Tituli
442 1552 624 1589 librorum
639 1562 676 1590 et
705 1566 800 1603 quae
829 1563 1018 1604 praeterea
1046 1567 1066 1590 a
1093 1552 1250 1590 librariis
1279 1551 1365 1589 addi
1400 1551 1540 1599 solent,
1573 1551 1703 1588 literae
1716 1552 1760 1589 A.
1792 1551 1968 1600 (Auditor
1985 1551 2009 1586 l.
2031 1550 2176 1587 Atticus

226 1620 250 1656 l.
271 1619 501 1668 adolescens)
533 1628 572 1656 et
599 1619 652 1656 Μ.
688 1619 866 1670 (Marcus)
884 1633 1095 1659 sermonem
1113 1621 1299 1658 alternum
1315 1619 1572 1672 significanteS,
1591 1620 1767 1672 marginis
1780 1619 1868 1656 item
1886 1627 2114 1671 argumenta,
2142 1627 2177 1653 et

226 1685 365 1721 scholia
380 1686 443 1721 hic
459 1684 535 1720 illic
554 1685 689 1735 scripta
703 1685 800 1722 inter
814 1685 940 1731 lineas,
960 1686 1104 1736 ubique
1122 1687 1239 1723 rubro
1258 1686 1387 1723 colore
1413 1682 1501 1723 sunt
1526 1685 1651 1723 illitae.
1705 1686 1866 1731 Literae,
1883 1685 2021 1735 quibus
2039 1683 2177 1733 singuli

225 1752 310 1788 libri
327 1752 524 1802 incipiunt,
553 1753 702 1788 auratae
727 1760 766 1789 et
782 1752 890 1789 variis
905 1752 1094 1790 coloribus
1114 1753 1314 1802 (coeruleo,
1337 1751 1457 1798 viridi,
1479 1751 1672 1802 coccineo)
1701 1760 1852 1788 ornatae
1879 1751 2175 1801 conspiciuntur.

226 1820 372 1870 Dialogi
401 1831 491 1855 vero
520 1817 688 1865 initiales,
714 1831 759 1855 ex
778 1817 916 1856 librarii
936 1828 1061 1856 mente
1080 1819 1190 1856 simili
1205 1819 1283 1856 sere
1304 1826 1439 1855 ornatu
1452 1816 1748 1868 distinguendae,
1782 1816 1892 1868 plane
1907 1825 1996 1853 sunt
2009 1816 2174 1852 omissae.

301 1885 514 1934 Scripturae
540 1883 760 1933 compendia
779 1897 863 1934 ¹nec
889 1885 997 1920 nimis
1024 1885 1234 1934 frequentia
1262 1897 1330 1921 nec
1357 1884 1549 1932 intellectu
1576 1882 1741 1920 difficilia
1767 1892 1973 1920 occurrunt
1998 1891 2036 1919 et
2062 1884 2175 1932 magis

231 1964 276 1987 ex
302 1950 518 1987 necessitate
543 1949 704 2001 quadam
726 1942 838 2001 fluam
853 1962 897 1987 ex
916 1949 1153 1989 festinatione
1167 1960 1247 1989 orta
1266 1964 1344 1989 esse
1361 1950 1548 1988 videntur.
1579 1950 1676 1988 Sunt
1686 1949 1763 1987 fere
1781 1950 1890 2000 haec:
1911 1963 1945 1987 oe
1960 1949 2019 1998 (ae
2032 1949 2090 1986 vel
2105 1950 2173 1997 oe),

223 2031 244 2052 e
270 2031 358 2053 curn
386 2017 529 2067 virgula
560 2016 706 2053 adunca
731 2017 887 2055 inferius
912 2018 1094 2068 adscripta
1109 2018 1194 2067 (ae),
1216 2019 1248 2054 δι
1261 2026 1308 2061 et,
1329 2018 1377 2054 εὖ
1391 2030 1483 2060 cum,
1501 2013 1537 2053 ii
1551 2020 1636 2060 iam,
1654 2019 1744 2054 aute
1764 2016 1789 2052 l.
1804 2017 1843 2053 at
1862 2024 1992 2059 autem,
2024 2019 2073 2052 ηδ
2087 2030 2170 2059 non,

222 2083 291 2120 hac
309 2084 411 2128 hanc,
444 2075 544 2121 eni‘l.
565 2083 625 2120 Em
644 2087 750 2129 enim,
786 2088 884 2121 tame
898 2084 921 2121 l.
944 2085 987 2121 tr‘i
1004 2092 1135 2131 tamen,
1163 2086 1186 2121 ἒ
1211 2092 1275 2128 est,
1298 2083 1367 2134 pfit
1389 2089 1523 2132 potest,
1539 2084 1615 2118 >nra
1634 2089 1771 2126 nostra,
1795 2082 1858 2133 ipo
1878 2085 1970 2131 ipso,
1991 2084 2030 2118 ai
2049 2086 2172 2127 animi,

222 2148 283 2183 aio
316 2152 449 2190 animo,
487 2148 575 2184 hoie
602 2148 754 2195 homine,
769 2148 833 2186 hri
849 2149 982 2195 haberi,
1012 2151 1057 2187 ht
1080 2149 1195 2194 habet,
1231 2151 1282 2187 fio
1311 2163 1408 2196 vero,
1429 2145 1531 2187 m8te
1559 2158 1686 2194 morte,
1707 2142 1794 2185 -Ὑ
1807 2157 1928 2193 —tur,
1962 2147 2012 2186 n'a‘
2028 2156 2169 2191 natm-a,

223 2218 262 2260 21,
283 2213 342 2249 vel
358 2221 390 2254 Βι
413 2226 489 2248 ram
507 2213 544 2249 in
562 2211 634 2250 fine
655 2214 936 2263 vocabulorum,
968 2215 1072 2267 quib’
1101 2216 1238 2268 quibus,
1255 2227 1287 2268 „p
1301 2228 1382 2266 per,
1409 2214 1597 2264 interdum
1610 2228 1686 2265 par
1706 2214 1759 2264 (in
1773 2214 1916 2265 partes)
1930 2222 1967 2250 et
1988 2213 2172 2269 duplicata

221 2288 326 2315 notat
350 2287 514 2328 propter,
564 2293 598 2335 'p
630 2294 713 2328 pro,
751 2294 795 2331 q;
831 2296 898 2332 que
930 2283 968 2318 in
996 2282 1081 2328 fine,
1114 2297 1142 2338 q
1168 2287 1241 2331 qui,
1273 2284 1296 2332 ᾗ
1322 2294 1424 2333 quae,
1454 2276 1480 2332 ξ
1508 2278 1627 2332 quam‘,
1656 2274 1681 2331 (⁰1
1706 2295 1787 2331 quo,
1824 2274 1881 2329 qd·
1900 2281 2007 2331 quod,
2043 2274 2173 2327 pmum

215 2349 385 2394 primum,
409 2343 523 2381 semel
541 2341 662 2397 pho2L
682 2346 993 2396 philosophorum.
1028 2365 1034 2370 ·

295 2413 492 2452 Scribendi
511 2415 606 2451 ratio
621 2415 813 2464 quomodo
833 2417 880 2452 sit
897 2416 1077 2461 instituta,
1097 2428 1142 2452 ex
1162 2415 1284 2452 indice
1303 2415 1499 2466 apparebit
1515 2427 1647 2451 eorum
1661 2415 1770 2465 primi
1786 2414 1872 2450 libri
1887 2413 2171 2456 vocabulorum,

222 2494 385 2529 quorum
400 2482 595 2530 scriptura,
624 2480 684 2517 vel
703 2493 748 2517 ex
765 2481 890 2517 indole
904 2482 1117 2519 vetustioris
1131 2482 1213 2518 aevi
1231 2481 1291 2519 vel
1309 2481 1450 2518 librarii
1469 2480 1634 2530 quodam
1648 2471 1753 2526 vitio,
1766 2493 1787 2515 a
1801 2479 1943 2530 vulgari
1962 2478 2170 2528 discrepare

219 2545 324 2582 solet.
364 2534 517 2583 'Scribit
549 2547 649 2583 enim
676 2545 796 2583 codex
825 2556 968 2585 noster:
998 2561 1090 2593 cum,
1125 2553 1301 2599 quotiens,
1338 2548 1508 2593 solemne,
1539 2546 1723 2592 mulctare,
1761 2546 1868 2582 bacca
1902 2546 2029 2596 (semel
2055 2544 2171 2582 habet

218 2611 454 2660 baccharum),
478 2613 607 2661 paulo,
636 2612 754 2658 milia,
787 2613 990 2659 solicitudo,
1016 2622 1181 2664 quatuor,
1213 2615 1319 2650 litera
1346 2613 1668 2664 (saepiuslittera)‚
1704 2626 1826 2658 causa,
1856 2612 2063 2655 exanclare,
2086 2612 2169 2661 (pro

217 2677 431 2726 exantlare),
459 2682 631 2728 aspicere,
659 2677 865 2722 ascendere,
895 2687 1036 2715 astante
1067 2679 1212 2728 (contra
1239 2679 1353 2717 semel
1384 2678 1628 2715 obscularetur
1644 2691 1713 2729 pro
1734 2677 1879 2727 oscul.),
1907 2677 2166 2726 condicc'pulus,

216 2743 395 2787 exultare,
425 2751 630 2793 expectare,
658 2748 837 2793 extingui,
858 2748 1025 2787 existere,
1055 2754 1164 2789 extet,
1188 2751 1395 2788 extiterunt,
1424 2749 1563 2787 icco-co,
1586 2748 1787 2793 quicquam,
1807 2748 1980 2793 quicquis,
2003 2746 2164 2791 quicque,

216 2807 339 2844 isthuc.
396 2809 681 2847 Commutantur
700 2812 794 2847 inter
815 2824 852 2847 se
882 2810 1008 2847 literae
1023 2823 1043 2846 e
1062 2820 1098 2847 et
1122 2827 1165 2850 ae
1179 2813 1236 2850 vel
1254 2827 1313 2859 oe⁷
1344 2813 1356 2848 i
1387 2820 1423 2848 et
1449 2824 1485 2862 y,
1520 2824 1541 2847 c
1558 2819 1593 2848 et
1612 2819 1638 2858 t,
1660 2823 1680 2846 c
1695 2819 1730 2847 et
1745 2810 1804 2858 ch,
1842 2824 1865 2848 n
1881 2819 1917 2847 et
1936 2823 1984 2857 m,
2006 2823 2030 2861 p
2045 2818 2082 2847 et
2102 2810 2166 2860 ph,
