2485 3299
224 722 473 792 Asservatur
503 756 542 791 in
576 753 802 791 bibliotheca
827 742 1009 803 gymnasii
1032 751 1221 803 Bipontini
1256 747 1373 787 codex
1393 749 1667 802 manuscriptus
1686 740 1978 787 Tusculanarum
1997 752 2159 802 disputa-

221 818 367 856 tionum
382 848 392 867 ,
413 833 493 856 mea
514 819 664 868 quidem
683 818 865 854 sententia
884 817 1231 868 praestantissimus,
1252 816 1314 852 sed
1328 815 1374 852 ad
1388 816 1475 853 libri
1490 810 1707 853 contextum
1721 816 1847 852 critice
1861 817 2161 852 constituendum

219 895 351 932 parum
380 883 581 919 adhibitus.
633 882 821 918 Ciceronis
854 895 1010 932 operum
1042 881 1201 934 editores
1232 880 1439 931 Bipontini,
1475 891 1517 917 ut
1540 882 1579 917 in
1607 882 1743 918 ceteris
1759 881 1862 918 libris
1882 882 1933 917 ita
1953 895 2104 931 quoque
2125 884 2163 917 in

220 948 437 985 Tusculanis
470 947 779 998 disputationibus
813 945 1038 984 excudendis
1068 946 1285 984 Ernestium
1310 948 1540 1000 potissimum
1569 950 1703 995 secuti,
1746 950 1993 1001 inspexerunt
2014 949 2163 999 quidem

222 1013 405 1062 codicem,
443 1014 545 1065 quod
575 1023 726 1066 apparet
754 1027 799 1050 ex
820 1014 917 1049 notis
927 1041 942 1060 ‚-
973 1012 1021 1049 cl.
1041 1013 1173 1049 Exteri-
1186 1027 1298 1050 manu
1317 1014 1551 1052 Ernestianae
1570 1015 1745 1051 editionis
1761 1015 1932 1065 exemplo
1952 1014 2160 1064 adscriptis:

223 1093 318 1130 quae
355 1093 443 1117 vero
476 1081 523 1116 ab
554 1081 611 1116 his
641 1079 802 1116 Ernestii
820 1078 998 1115 lectiones
1015 1077 1231 1129 repudiatae
1249 1086 1349 1125 sunt,
1386 1092 1445 1115 eas
1464 1080 1583 1129 magis-
1595 1079 1641 1116 ad
1661 1079 1769 1116 fidem
1787 1079 1947 1118 editoris
1959 1080 2163 1126 cuiusdam,

220 1147 434 1197 praesertim
452 1145 689 1192 Lallemandi,
711 1158 823 1196 quam
841 1143 981 1181 codicis
997 1143 1113 1180 nostri
1132 1144 1256 1182 habita
1276 1145 1422 1182 ratione
1438 1144 1631 1182 mutandas
1650 1154 1884 1182 censuerunt.

297 1213 403 1261 Quae
432 1224 518 1250 eum
545 1213 595 1249 ita
621 1212 713 1260 sint,
748 1225 882 1263 operae
900 1210 1062 1261 pretium
1080 1223 1140 1247 me
1159 1210 1349 1247 facturum
1370 1210 1516 1262 putavi,
1551 1211 1581 1247 si
1599 1210 1734 1248 codicis
1753 1212 1941 1262 Biponvini
1958 1213 2163 1262 scripturae

220 1280 431 1317 diversitate
450 1294 590 1317 summa
610 1294 697 1317 cum
714 1279 903 1330 diligentia
922 1286 1114 1329 excerpta,
1134 1278 1381 1314 minutissimo
1396 1277 1548 1328 quidem
1562 1290 1631 1314 nec
1646 1287 1766 1314 tamen
1782 1278 1906 1315 inutili
1919 1292 2003 1314 meo
2018 1278 2162 1323 labore,

219 1346 417 1398 praeclaro
438 1346 675 1397 antiquitatis
688 1354 932 1382 monumento
951 1345 1022 1381 rite
1041 1343 1276 1381 emendando
1298 1357 1368 1394 pro
1388 1338 1887 1394 viriliparte'consuluerim.
1940 1345 2017 1380 Jam
2048 1345 2163 1394 igitur

220 1413 319 1448 benc
348 1413 510 1462 priorem
533 1424 705 1448 recensus
723 1410 962 1461 particulam,
985 1409 1206 1460 *praemissis
1226 1408 1449 1459 quibusdam
1467 1408 1514 1445 de
1531 1408 1669 1445 codicis
1684 1408 1813 1444 habitu
1829 1409 2161 1454 observationibus,

219 1477 418 1515 doctorum
438 1479 604 1515 virorum
624 1478 705 1515 usui
723 1486 836 1528 atque
848 1475 989 1526 judicio
1015 1488 1209 1527 propono,
1226 1474 1455 1525 reliquorum
1480 1473 1662 1511 librorum
1681 1473 1891 1511 varietatem
1907 1474 1979 1510 alio
2000 1483 2163 1525 tempore

217 1542 518 1592 perlustratur-usa

295 1609 361 1645 Est
391 1619 516 1646 autem
544 1609 664 1646 codex
694 1618 818 1646 noster
850 1595 1172 1655 membranaceus,
1198 1605 1389 1643 volumine
1417 1605 1589 1660 oblongo*
1607 1606 1730 1656 potius
1760 1618 1871 1655 quam
1890 1604 2092 1654 quadrato,
2119 1605 2164 1640 ad

219 1674 381 1710 sormam·
392 1675 484 1721 fere,
501 1687 614 1723 quam
629 1683 795 1711 octavam
810 1675 1006 1710 maximam
1026 1672 1148 1709 dicere
1169 1671 1338 1708 solemus.
1392 1670 1642 1717 Membranae,
1673 1661 1780 1708 lactei
1798 1671 1945 1716 coloris,
1963 1671 2164 1715 tenuiores,

219 1748 262 1775 ut
281 1739 484 1789 plurimum
503 1740 733 1787 lectissimae,
764 1740 957 1777 distinctae
973 1750 1060 1777 sunt
1078 1741 1117 1776 in
1140 1739 1402 1788 quaterniones
1419 1738 1488 1784 ita,
1524 1747 1567 1773 ut
1591 1747 1793 1787 quaternae
1810 1738 2046 1774 membranae
2061 1751 2161 1773 com-

218 1813 345 1856 pactae
371 1804 540 1856 plagulas-
564 1813 718 1841 octonas
751 1804 809 1841 vel
836 1804 988 1856 paginas
1012 1817 1123 1859 senas
1141 1803 1259 1838 denas·
1283 1801 1458 1838 efficiant.
1512 1802 1686 1853 Plagulae
1705 1803 1977 1854 longitudinem
2010 1805 2162 1854 explent

216 1870 419 1922 digitorum
435 1871 480 1920 8³
489 1870 748 1917 ,latitudinem
762 1868 821 1916 63.
869 1871 946 1917 Qui
959 1869 1124 1906 codicem
1143 1870 1298 1920 scripsit,
1317 1869 1364 1905 ad
1378 1869 1517 1906 calcem
1532 1879 1676 1906 tantum
1695 1870 1879 1919 cuiusque
1896 1871 2161 1919 quaternionis

218 1937 257 1972 in
273 1937 349 1972 imo
361 1936 525 1986 margine
540 1935 691 1971 ultimae
705 1934 857 1986 paginae
867 1963 878 1981 ,
894 1935 1018 1985 prima
1025 1936 1218 1986 sequentis
1228 1935 1480 1985 quaternionis
1498 1935 1611 1971 verba
1631 1934 1817 1971 indicavit.
1862 1936 2092 1982 Quaternion
2099 1949 2159 1971 um

220 2014 405 2038 numerus
414 2002 526 2053 signis
554 2013 631 2037 non
651 2009 822 2047 notatur3
849 2002 978 2037 insunt
996 2000 1084 2048 163,
1112 2000 1280 2052 plagulae
1294 2014 1383 2037 vero
1409 2002 1522 2038 literis
1536 2002 1706 2051 impletae
1724 2001 1806 2046 131,
1824 2014 1983 2050 quarum
2001 2002 2161 2051 singulas

217 2072 254 2105 in
285 2071 409 2119 priore
435 2071 618 2118 cuiusque
644 2083 791 2105 summa
810 2070 942 2119 pagina
970 2070 1157 2106 recentior
1183 2083 1316 2106 manus
1343 2068 1506 2106 numeris
1537 2068 1689 2106 arabicis
1719 2067 1896 2106 distinxit.

291 2135 467 2173 Continet
500 2133 616 2171 codex
648 2134 942 2172 Tusculanarum
960 2134 1255 2187 disputationum
1279 2135 1452 2186 quinque
1466 2135 1579 2171 libros
1598 2135 1865 2187 integerrimos.
1931 2137 2095 2187 Scriptus
2109 2146 2160 2172 est

215 2209 318 2236 totus
344 2200 478 2235 eodem
511 2209 676 2249 tempore
708 2209 745 2235 et
776 2200 904 2235 cadem
931 2214 1066 2245 manu,
1105 2202 1253 2237 indocta
1272 2203 1336 2238 ili‘a
1355 2203 1506 2251 quidem
1532 2202 1596 2238 sed
1638 2203 1814 2252 diligente
1831 2212 1942 2251 atque
1961 2204 2161 2252 elegantiae

215 2266 488 2304 studiosissima.
543 2266 599 2303 De
626 2275 791 2316 tempore
811 2274 848 2302 et
864 2264 976 2313 loco,
1008 2279 1085 2316 quo
1112 2267 1270 2318 scriptus
1283 2267 1356 2316 sit,
1378 2281 1454 2305 nou
1474 2266 1594 2319 magis
1603 2275 1765 2314 constat,
1794 2279 1906 2318 quam
1920 2266 1965 2304 de
1980 2268 2157 2319 scriptore

214 2319 284 2369 aut*
306 2343 531 2383 possessore,
570 2343 732 2381 quorum
762 2343 809 2366 ne
835 2331 985 2366 nomina
1021 2331 1173 2381 quidem
1206 2332 1364 2368 indicata
1393 2342 1491 2369 sunt.
1546 2334 1738 2379 Quantum
1790 2342 1910 2373 tamen
1948 2334 2159 2368 coniectura

213 2397 358 2448 assequi
390 2396 494 2444 licet,
527 2406 613 2450 ante
634 2397 821 2434 saeculum
840 2398 935 2434 XIII*
956 2399 1152 2435 confeci-us
1167 2412 1252 2435 esse·
1261 2399 1421 2436 videtur.
1474 2399 1762 2435 Emendatorem
1780 2399 1899 2435 codex
1918 2413 1993 2435 non
2014 2400 2154 2434 habuit.

213 2465 385 2502 Leviores
399 2464 591 2501 literarum
604 2473 668 2501 aut
682 2478 816 2501 vocum
832 2478 996 2513 rasurae,
1014 2466 1145 2516 passim
1160 2466 1308 2512 obviae,
1324 2465 1370 2502 ab
1388 2466 1472 2518 ipso
1490 2464 1628 2503 codic-is
1644 2466 1823 2518 scriptore
1838 2466 1953 2502 factae
1967 2464 2153 2500 videntur.

211 2532 427 2567 Cernuntur
440 2530 925 2581 tanien-vestigia'quaedam
945 2531 1218 2582 manuspaullo
1238 2534 1384 2569 serioris
1403 2533 1514 2582 (forte
1533 2534 1678 2569 saeculi:
1687 2534 1801 2582 leV),
1816 2546 1911 2582 quae
1926 2534 2156 2582 argumentis

214 2596 369 2647 margini
382 2595 571 2646 adscriptis
584 2596 1097 2635 atrowloreaddidit-voces:
1107 2597 1346 2648 philosophia·
1364 2599 1444 2649 (fol.
1463 2599 1522 2650 18)
1547 2609 1584 2636 et
1590 2600 1848 2650 philosophiae
1858 2600 1937 2635 laus
1963 2599 2041 2647 (fot.
2057 2599 2153 2648 102J'1.

214 2661 387 2712 Denique
403 2660 489 2696 libri
506 2659 617 2711 primi.
633 2661 1057 2713 praefatio-(Capprlx—
1070 2663 1131 2714 V.)
1149 2661 1249 2698 haud
1268 2677 1403 2717 paucas
1424 2666 1585 2701 ostendit
1601 2666 1909 2716 interpunctionis
1923 2665 2156 2714 potissimum

215 2732 454 2776 mutationes,
487 2730 534 2766 ab
561 2731 631 2767 alia
662 2732 958 2777 manu,rudiore
988 2743 1088 2769 certe
1107 2746 1149 2770 ac
1175 2732 1299 2769 multo
1311 2731 1520 2768 recentiore
1548 2731 1661 2780 (Saec.
1690 2731 1786 2768 forte
1815 2730 1924 2780 xv),
1957 2731 2156 2781 profectas.

215 2795 353 2833 Eadem
372 2795 757 2847 manus'plagularum
769 2797 899 2835 seriem
914 2800 1078 2837 numeris
1096 2800 1260 2839 notavit.

1360 2850 1374 2857 ‚-

1918 2856 1935 2887 1
