2485 3299
229 767 348 801 XXXI,

230 1295 364 1326 XXXII.

222 1736 373 1765 xxxm.

223 2162 372 2218 XXXlV.

889 273 1452 355 Qun

199 455 213 458 -
608 423 615 429 ’
675 426 776 461 Edit.
799 423 939 460 Orellic'.
1603 417 1690 454 Cod.
1710 418 1857 467 B1p0nt.

169 483 245 523 Cap.
266 479 367 512 XXX.
391 476 555 520 §.73.acies
575 486 606 507 se
621 477 680 519 ipsa
694 476 813 507 intuens
833 478 875 510 (c.
894 472 973 503 Cdd.
992 473 1030 502 D.
1056 481 1083 501 1.
1104 469 1159 504 W.
1178 472 1212 506 ι)
1312 482 1351 489 -
1372 467 1457 506 ipsam
1473 466 1632 503 (Priores.)

402 543 406 545 -
479 520 574 550 multa
587 518 699 548 adversa
718 525 858 547 reverens
1372 518 1469 536 auersa
1812 510 1825 521 1

477 568 633 600 tamquam
648 556 713 589 ra'te
732 554 907 593 (ABSEW.
931 559 964 588 π)
1291 584 1294 587 ,
1312 564 1351 570 —
1373 548 1389 561 ³
1405 555 1549 587 tanquam
1568 548 1598 576 in
1613 555 1675 578 rate
1693 552 1744 584 (R.
1761 549 1815 579 Gr.
1838 550 1867 578 b.
1895 548 1953 577 PC.
1974 545 2076 577 Gebh.
2098 553 2129 576 ι)

406 605 455 642 74.
479 601 539 642 Sed
557 601 633 631 haec
651 607 679 629 et
694 605 797 628 vetera
957 618 959 621 .
1374 587 1432 618 Sed
1451 589 1527 617 haec
1542 595 1644 618 uetera

478 650 511 672 ut
526 652 636 671 causam
656 637 805 669 moriendi
1374 640 1480 676 causas

476 692 592 712 iniussu
1373 681 1403 698 m
1417 681 1500 698 iussu

479 734 531 753 nae
547 722 607 758 ille,
626 717 743 749 medius
760 716 851 748 fidius
1372 721 1407 739 ne
1425 710 1475 740 ille
1495 707 1702 739 mediusfidius

405 764 455 805 75.
479 760 717 803 necquidquam
737 758 830 796 aliud,
847 767 889 788 est
902 761 968 791 moti
986 758 1088 787 discere
1104 755 1157 792 (de
1177 755 1275 786 Bentl.
1312 768 1352 775 -·
1372 762 1429 782 nec
1449 751 1614 792 quicquam
1629 750 1711 780 aliud
1732 758 1772 779 est
1788 751 1839 778 nisi
1857 753 1936 779 emori
1955 751 2054 779 discere
2075 751 2171 783 (Ozx.

520 803 599 834 coni.
620 803 657 829 D.
673 801 746 837 W.)
1414 795 1475 822 nisi.
1496 804 1578 833 quum
1595 794 1676 819 emori
1696 791 1946 821 PABSECVML.
1966 793 2040 819 Lall.
2062 797 2091 820 ῐ)

480 853 576 883 quare
595 841 645 870 hoc
660 845 899 869 commentemur
1374 832 1441 860 llaec
1569 829 1575 837 ¹

480 895 516 914 ex
534 883 575 912 his
588 881 692 912 vinclis
709 880 807 911 emissi
1374 874 1406 901 iis

409 927 458 966 76.
483 925 559 954 Satis
577 932 606 952 tu
621 923 744 964 quidem‘
1308 930 1365 944 =
1394 913 1484 942 uidem
1492 921 1521 941 tu
1532 918 1617 948 (cum
1626 911 1707 942 Cdd.
1720 913 1790 951 aliq.
1804 912 1903 942 Gebli.
1918 921 1947 942 υ

482 966 528 994 his
545 975 618 993 vero
634 963 713 991 modo
726 960 835 992 auditis
854 960 976 996 (RPLD
990 964 1003 994 )
1317 971 1354 976 —
1399 955 1421 982 is
1433 965 1505 982 uero
1514 954 1622 982 auditis
1632 954 1848 992 (ABSECVM.
1859 954 1948 989 Lall.)

483 1013 511 1035 et
528 1006 588 1034 sive
608 1003 785 1034 retractabis
1377 994 1439 1023 siue
1456 995 1630 1023 retractabis
1648 998 1725 1028 (om.
1748 1000 1789 1024 et)

483 1047 507 1075 si
527 1045 649 1085 quidem
671 1045 712 1073 vel
722 1043 771 1081 ¹dii
789 1041 844 1082 ipsi
1018 1056 1022 1059 .
1271 1053 1273 1055 -
1378 1035 1402 1063 si
1420 1033 1541 1073 quidem
1560 1035 1600 1064 dii
1617 1035 1672 1075 ipsi

483 1087 546 1117 ulla
559 1086 603 1116 uti
617 1085 735 1116 ratione
748 1093 818 1113 mors
833 1081 886 1112 tibi
906 1081 957 1117 (L.
975 1081 1035 1111 Db.
1050 1081 1126 1111 Lall.
1141 1080 1198 1111 W.
1210 1084 1242 1116 π)
1319 1092 1357 1097 —-
1379 1075 1441 1104 ulla
1453 1075 1616 1105 miratione
1627 1084 1730 1105 ucmors
1740 1075 1849 1113 tibiffl.
1864 1076 1883 1104 b
1906 1073 2129 1106 PABSECVM.
2151 1074 2173 1105 i}

412 1139 460 1167 77.
484 1127 775 1196 qnimsse’acwime
791 1124 866 1158 (Ms.
889 1122 1028 1158 Manutii,
1048 1122 1158 1161 probb.
1183 1121 1281 1150 Bouh.
1319 1134 1357 1138 -
1379 1116 1505 1154 quisque
1521 1119 1671 1146 contemnit.
1692 1117 1844 1145 Acerrime
1866 1117 1983 1152 (Ceteri
2000 1118 2116 1151 omnes)

524 1174 553 1197 et
596 1177 642 1196 ru.
712 1175 770 1196 aa.
1037 1187 1039 1189 .
1292 1167 1294 1169 ’

484 1216 537 1238 tres
553 1209 646 1238 libros
1380 1198 1427 1226 tris

485 1248 637 1296 Mytilenis
652 1246 728 1282 (W.
746 1256 774 1274 2.
793 1244 876 1277 Cet.)
1315 1246 1370 1261 =
1382 1238 1537 1279 mitylenis
1546 1237 1708 1275 (9VML.)

489 1298 579 1320 etiam
590 1290 613 1319 si
628 1289 670 1318 ita
686 1289 721 1316 sit
1380 1281 1434 1308 sint
1442 1281 1521 1318 (ix)
1536 1276 1613 1307 Cod.
1633 1278 1757 1313 schotti,
1776 1278 1828 1317 qui
1845 1279 1909 1313 ista)

410 1332 459 1371 78.
482 1331 537 1360 etsi
566 1329 741 1400 νιιῖΙιὶξνηὶιηὶε
769 1331 891 1365 oportet
924 1325 1019 1358 (Oxx.
1049 1325 1121 1364 aliq,
1159 1324 1282 1356 EMLD.
1322 1334 1360 1339 ·-
1382 1328 1412 1349 et
1426 1321 1451 1348 si
1470 1320 1636 1347 nilailaaimis
1654 1321 1707 1351 (R.
1722 1319 1774 1348 Gr,
1791 1319 1821 1346 b.
1841 1317 2029 1346 PABSECV.
2052 1323 2081 1346 ι)

527 1371 569 1400 La
596 1395 602 1401 .
665 1392 672 1398 .
692 1373 726 1402 η)

486 1414 568 1440 simus
586 1409 693 1439 armati
1382 1412 1472 1429 sumus

487 1453 603 1482 animos
621 1458 751 1484 manere,
768 1458 784 1477 e
800 1456 929 1488 corpore
951 1457 1046 1488 quum
1129 1477 1137 1483 .
1383 1452 1504 1471 manere
1529 1441 1645 1470 animos
1669 1449 1738 1468 cum
1771 1449 1787 1467 e
1804 1448 1930 1478 corpore
1959 1441 2029 1469 (Ξ-
2056 1446 2136 1476 quam
2166 1446 2180 1462 e

585 1513 593 1518 .
1424 1494 1496 1523 corp.
1520 1484 1545 1511 R
1569 1483 1624 1514 Gr,
1643 1482 1730 1521 prob.
1751 1480 1848 1510 Bentl.
1867 1480 1918 1516 D.)

477 1533 519 1561 ‘id
533 1539 603 1560 ceree
621 1541 684 1559 non
701 1529 787 1558 dant*
1323 1537 1361 1542 —·
1383 1524 1480 1550 iccirco
1496 1525 1547 1557 (R.
1564 1524 1618 1551 Gr.
1639 1523 1661 1550 P
1677 1526 1690 1555 )

487 1584 583 1614 quum
605 1570 657 1602 diu
673 1568 871 1612 permanserit
1385 1563 1525 1592 manserit

414 1626 463 1654 79.
487 1615 561 1659 locis
575 1613 719 1658 divinum,
739 1622 829 1649 quem
845 1612 1077 1650 sapientissimum.
1102 1618 1179 1647 quem
1201 1616 1285 1636 sanc·
1384 1605 1457 1633 locis
1471 1604 1607 1633 diuinum
1624 1612 1714 1641 quem
1734 1601 1953 1630 sanctissimum

529 1661 676 1682 tismmum

408 1691 410 1697 ¹
489 1694 574 1734 quod
591 1693 710 1722 declaret
727 1702 834 1722 eorum
853 1691 905 1726 (R.
926 1691 963 1719 D.
986 1700 1012 1719 1.
1031 1687 1083 1719 W.
1105 1693 1137 1723 π)
1324 1700 1362 1705 —
1385 1683 1519 1713 declarat
1534 1682 1679 1720 ‹Priores)

418 1737 466 1765 80.
491 1736 573 1764 Haec
589 1734 675 1771 refelli
692 1739 820 1773 possunt
1385 1725 1477 1763 repelli

488 1775 527 1806 de
542 1774 717 1805 aeternitate
733 1773 904 1802 animorum
921 1769 1030 1800 dicatur
1384 1764 1513 1793 dicantur

489 1824 595 1846 contra
612 1826 702 1855 quem
719 1815 795 1843 haec
814 1813 1046 1850 dicune11r(01x.
1061 1811 1134 1840 Ern.
1151 1820 1163 1838 1
1191 1808 1243 1839 W.
1258 1810 1287 1846 α)
1325 1822 1362 1827 —
1386 1807 1513 1835 dicantur
1526 1803 1671 1842 (Priores)

489 1868 567 1898 quae
586 1856 750 1897 gignuntur
770 1857 798 1883 in
815 1864 925 1900 corpore
1387 1858 1404 1876 a
1423 1856 1551 1887 corpore

488 1910 543 1928 cur
561 1905 707 1927 nascantur
718 1895 820 1931 animi,
839 1893 1002 1924 Similitudo
1018 1892 1098 1931 (Oxx
1125 1891 1195 1930 aliq.
1216 1890 1283 1919 ML.
1325 1903 1363 1909 —
1386 1890 1401 1905 ¹*
1424 1898 1479 1917 cur
1501 1892 1628 1915 nascatur
1647 1883 1737 1914 animi
1765 1883 1928 1912 similitudo
1952 1882 2047 1917 (Cdd.
2075 1883 2181 1922 pleriq⁴

1073 1933 1150 1962 Oliv.
1175 1938 1207 1967 2]
1426 1928 1505 1959 Edd.
1523 1936 1592 1956 ante
1609 1927 1651 1956 M.
1666 1924 1767 1955 Gebh,
1785 1924 1860 1955 Lau.
1878 1929 1953 1958 ete.)

414 1982 462 2009 81.
487 1979 603 2008 Omitto
612 1979 627 1992 ²*
638 1975 869 2004 dissimilitudines
876 1974 929 2010 (de
940 1975 1037 2006 Bentl.
1048 1973 1123 2001 coni.
1140 1974 1177 2002 D.
1189 1973 1240 2001 W.
1254 1975 1285 2004 α)
1385 1967 1636 1998 dissimilitudines
1656 1965 1735 2000 (Sic)

489 2022 564 2049 cuius
578 2028 703 2048 suorum
721 2016 823 2046 similis
1385 2012 1430 2038 cui

482 2061 570 2098 facile
586 2059 764 2089 deterrimus
1379 2053 1457 2088 facie

489 2103 566 2130 cuius
586 2101 676 2130 etiam
693 2099 792 2127 similis
804 2099 838 2129 P.
853 2097 951 2127 Crassi
1386 2093 1466 2120 huius

490 2141 658 2182 quidquam
673 2139 744 2168 mali
759 2150 822 2168 esse
842 2138 871 2167 in
892 2135 1011 2167 m'orte?
1386 2133 1547 2172 quicquam
1566 2138 1627 2158 esse
1642 2127 1672 2155 in
1693 2133 1789 2155 morte
1803 2124 1893 2154 mali?

418 2185 470 2215 82.
493 2194 555 2213 non
573 2191 728 2211 remanere
745 2187 814 2219 post
830 2187 973 2209 mortem:
1385 2180 1452 2214 post
1469 2170 1595 2201 mortem
1609 2178 1670 2197 non
1689 2177 1854 2196 remanere.

493 2225 507 2239 ¹·
530 2223 602 2253 vides
617 2232 682 2257 nos,
700 2221 723 2250 si
737 2221 778 2250 ita
801 2220 836 2249 sit
863 2219 935 2255 (W.
953 2217 1032 2250 coni.
1047 2216 1146 2248 tacite.
1167 2215 1237 2245 Sch.
1254 2217 1287 2249 ι)
1325 2229 1361 2234 -
1384 2216 1399 2228 *
1419 2214 1503 2242 Video
1524 2220 1598 2239 nos:
1619 2209 1642 2238 si
1658 2209 1697 2236 ita
1712 2208 1765 2237 sit:
1785 2206 1900 2241 (Ceteri
1921 2213 2041 2239 omnes)

493 2266 590 2295 Nemo
605 2263 636 2292 id
652 2261 760 2303 quidem
778 2260 864 2297 dicit;
876 2262 924 2288 etsi
1385 2256 1481 2283 Nemo
1498 2251 1619 2292 quidem
1640 2249 1670 2277 id
1698 2248 1781 2280 dicit.
1797 2250 1860 2288 quia
1880 2250 1901 2274 si

493 2304 666 2345 Democritii
687 2302 741 2337 (de
756 2302 854 2333 Bentl.
873 2301 1028 2331 sententia.
1046 2297 1152 2328 Codex
1166 2297 1285 2338 Bipont.
1325 2311 1363 2316 —
1386 2296 1400 2309 ’⁸
1421 2291 1605 2324 democritici
1617 2289 1771 2330 (plurimi)

531 2346 561 2375 in
575 2345 690 2374 scholio
706 2354 773 2382 cap.
796 2342 841 2370 Xl.
858 2342 961 2370 scribit
974 2341 1154 2374 democritius)

490 2385 647 2428 exiguum!
672 2383 687 2397 *
709 2389 748 2414 At
763 2383 871 2413 falsum
892 2381 947 2418 (de
971 2381 1069 2412 Bouh.
1086 2378 1163 2412 coni.
1182 2376 1233 2410 W.
1252 2379 1288 2412 2)
1326 2392 1363 2398 --
1385 2375 1551 2415 *exiguum
1570 2379 1597 2400 et
1617 2371 1727 2400 falsum
1742 2369 1874 2405 (Ceteri)

492 2430 550 2459 hoc
566 2428 622 2457 leve
639 2434 683 2457 est
1325 2434 1363 2439 —
1386 2418 1464 2446 breue
1472 2415 1567 2452 (C2d.
1578 2413 1689 2443 Davisii
1698 2413 1728 2442 in
1739 2422 1832 2452 marg.
1846 2411 1955 2449 Bentl.)

417 2471 466 2503 83.
490 2471 513 2499 si
535 2468 718 2509 quaerimus.
761 2470 798 2495 Et
824 2464 948 2505 quidem
969 2463 1030 2492 hoc
1055 2464 1109 2498 (R.
1135 2463 1201 2491 Col.
1222 2460 1287 2492 Alii.
1386 2459 1409 2487 si
1424 2457 1596 2498 quaerimus
1615 2456 1682 2482 haee
1700 2452 1822 2493 quidem
1837 2453 1895 2481 hoe

533 2510 622 2551 prob.
640 2508 738 2538 Bentl.
755 2508 791 2536 D.
808 2524 847 2529 —
867 2510 926 2535 Hoc
938 2504 1053 2546 quidem
1074 2503 1189 2539 Ceteri)
1739 2503 1751 2512 ‘

491 2563 510 2580 a
524 2561 594 2592 rege
611 2551 784 2580 Ptolemaeo
1182 2563 1190 2571 .
1386 2540 1421 2568 ah
1435 2550 1503 2579 rege
1513 2534 1690 2579 ptholomeo

493 2594 526 2620 iis
543 2591 652 2621 auditis
666 2590 772 2625 (etiam
785 2589 832 2623 h.)
1327 2598 1364 2603 —
1387 2582 1401 2595 ¹*
1421 2581 1461 2609 his
1483 2580 1620 2618 (PABCN
1632 2579 1742 2607 LDJ.)

418 2634 467 2668 84.
492 2634 563 2663 Eius
582 2639 694 2667 autem,
712 2640 803 2670 quem
821 2628 879 2656 dixi
1387 2622 1459 2649 dixit
1738 2612 1742 2621 “

493 2674 620 2703 Possum
642 2672 656 2686 *
683 2670 754 2699 idem
774 2670 873 2699 facere
895 2666 951 2703 (de
973 2667 1046 2697 Ern.
1072 2676 1155 2706 susp.
1183 2663 1236 2694 W.
1260 2674 1288 2694 2.
1327 2680 1365 2684 —
1387 2662 1419 2691 id
1435 2660 1566 2697 (Ceteri)

949 2708 1036 2748 Bipp.
1046 2718 1153 2747 possem
1166 2705 1210 2740 id)

495 2755 573 2782 Mitto
593 2752 667 2781 alios
1328 2762 1365 2766 —
1391 2746 1488 2772 Omitto
1504 2743 1544 2774 al,
1560 2737 1817 2773 (ABSECVML.)

425 2796 472 2826 85.
496 2795 630 2824 houm-atis
658 2798 803 2832 quattuor
826 2789 893 2820 filiis
911 2787 960 2827 (de
984 2788 1082 2819 Bentl.
1103 2787 1182 2820 coni.
1205 2787 1243 2818 D.
1265 2795 1290 2818 1.
1328 2803 1365 2808 —-
1389 2785 1532 2814 honoratus
1546 2790 1677 2821 quatuor
1693 2779 1759 2808 filiis
1773 2776 1902 2812 (Ceteri)

229 2798 360 2829 XXXV.

1024 2829 1077 2862 W.
1101 2831 1130 2867 2)
