2485 3299
916 291 1249 368 αθ

697 436 738 469 Ε
735 435 800 469 dic.
825 435 965 471 Orellc'i.

212 483 288 524 Cap.
315 483 387 514 vn.
412 482 528 521 §.rain
545 481 605 513 vita
622 484 871 517 esseiucunditas
921 494 923 497 '

254 524 345 555 vm.

266 1256 322 1287 IX.

262 2434 316 2462 11.

252 2846 325 2877 ΧΠ.

388 1776 392 1778 Δ
427 1750 475 1769 ²0·
493 1745 612 1786 singuli.

433 523 478 551 15.
495 523 614 561 Ecquid
951 531 954 533 ⁴

495 561 534 593 ad
552 573 634 604 quam
662 574 745 605 quum
762 564 800 594 sit
826 564 990 600 decursum
1008 566 1060 601 (R.
1079 564 1180 636 Guzls.
1200 564 1235 593 L.
1258 566 1295 593 D.

1080 616 1106 635 ι.
1178 629 1184 635 .
1206 611 1239 641 2)

494 645 548 673 sed
567 656 615 674 me
632 657 697 675 esse
712 654 844 675 mortuum

494 684 569 715 nihil
585 693 717 716 autumo.

494 727 553 755 Sed
570 728 716 767 quoniam
731 726 853 767 coie'gisti
870 725 928 762 (M.
941 724 977 755 L.
993 724 1068 756 Lali.
1082 724 1138 756 W.
1155 729 1187 761 ι)

438 765 485 796 16.
496 768 567 797 Jam
583 768 660 797 istud
675 767 799 807 quidem
878 779 883 782 ’

496 810 580 846 Quia,
597 810 723 849 quoniam
739 814 808 848 post
824 813 953 836 mortem

494 861 528 878 ne
545 860 627 879 mors
646 848 770 888 quidem
790 855 835 877 est
852 848 965 878 malum

493 892 533 917 ita
551 900 590 918 ue
606 887 797 917 moriendum

493 931 537 960 Ut
556 929 693 967 doceam,
715 928 739 959 si
754 929 857 969 possim

492 982 555 1000 non
572 970 664 1000 modo
680 970 794 999 malum
809 981 873 999 non
893 979 966 1005 esse,

491 1010 546 1040 ted
556 1011 673 1040 bonum
688 1010 780 1040 etiam
800 1021 857 1038 esse
877 1016 998 1038 mortem.
1013 1008 1130 1078 (ΚΒΜ.
1143 1007 1294 1084 IWGeth.

994 1072 998 1076 ,
1087 1072 1093 1078 .
1110 1059 1136 1078 1.
1201 1071 1208 1077 .
1224 1060 1238 1078 2

491 1103 557 1121 aveo
568 1098 670 1121 tamen
687 1091 793 1121 audire
1073 1118 1081 1123 ,

431 1138 479 1168 ¹7·
491 1144 545 1162 non
563 1132 762 1173 respondebis
773 1132 787 1161 ἓ
807 1133 857 1167 (Ρ.
869 1132 904 1161 L.
918 1132 995 1162 Lall.
1010 1131 1068 1163 W.
1084 1135 1116 1166 a)

489 1175 659 1215 superbum
674 1174 706 1204 id
719 1173 846 1215 quidem
860 1180 899 1202 est

490 1216 573 1246 malo
588 1228 622 1245 ne
636 1227 725 1257 roges

490 1257 662 1297 probabilia

491 1297 555 1328 veri
565 1296 685 1328 videam
695 1296 801 1327 similia
809 1300 841 1332 (e
852 1295 930 1326 cad.
944 1295 1043 1326 Gebh.
1059 1294 1134 1324 Lau.
1150 1305 1173 1323 1.
1189 1295 1247 1325 W.
1264 1297 1297 1331 ε)

493 1339 644 1378 sapientes

433 1384 444 1402 ¹
452 1374 480 1403 8·
493 1386 602 1418 putent

492 1419 586 1449 Catus
598 1419 693 1449 Aeliu’
711 1419 829 1450 Sextus.

434 1463 479 1493 Χ9·
493 1461 648 1491 suffusum

493 1501 637 1530 Animum
656 1509 758 1530 autem
774 1501 824 1530 alii

493 1540 651 1570 declarant
668 1542 682 1556 ¹
700 1543 817 1570 norm'ne.
842 1541 921 1569 Nam
944 1546 974 1568 et
999 1538 1071 1573 (W.
1097 1539 1175 1568 coni.
1199 1539 1234 1568 R.
1261 1540 1294 1569 Ρ.

533 1582 634 1611 Gebh.
665 1592 691 1611 1.
712 1592 819 1611 nomen.
843 1581 900 1609 Alii
920 1582 1070 1615 nominari)

492 1622 598 1652 efflare
640 1639 642 1641 ·

494 1674 558 1700 cor,
587 1665 756 1703 sanguinem,
791 1661 950 1692 cerebrum
977 1664 1009 1696 (e
1033 1659 1116 1689 Man.
1150 1657 1228 1688 cod.
1258 1658 1295 1687 D.

1051 1700 1127 1736 Lau.
1147 1699 1205 1730 W.
1227 1704 1258 1734 π)

657 1746 700 1775 Ut
718 1750 738 1783 †
758 1744 843 1774 multi
855 1751 913 1774 etc.
935 1743 1105 1781 (Beme.
1123 1742 1180 1772 W.
1206 1746 1238 1776 2)

492 1866 611 1938 neqiivit
634 1878 716 1904 esse,
742 1870 848 1897 &rerum
876 1875 1039 1896 numerum
1061 1864 1151 1899 (Aliit
1189 1863 1296 1899 ullum,

530 1921 538 1938 ι
564 1920 615 1938 um
637 1920 721 1945 vere,
738 1914 873 1943 merum)

488 1953 516 1977 in
538 1957 649 1978 natura
670 1951 800 1978 maxima
821 1956 899 1979 esset
1245 1985 1251 1991 .
1288 1986 1293 1991 .

489 1999 597 2030 parere
619 1995 651 2024 (e
680 1990 752 2019 Vat.
779 1990 817 2019 D.
848 1988 925 2018 Lau.
951 1998 979 2017 ι.
1009 1987 1068 2017 W.
1098 1997 1125 2016 2.
1171 1986 1294 2015 Plunm.

530 2031 644 2061 habent
658 2036 798 2072 separare)

418 2080 470 2100 21.
489 2072 708 2111 disputantium

491 2112 665 2141 Phthiotam

490 2153 656 2195 frustraque
681 2161 709 2183 et
733 2153 872 2184 animalia
897 2156 974 2189 (om.
1002 2159 1028 2181 et
1053 2152 1083 2182 b.
1115 2150 1157 2180 Μ.
1189 2149 1288 2180 Gebh.

531 2196 568 2224 D.
588 2195 664 2224 Lall.
692 2195 720 2234 1)

489 2241 655 2264 animantes

489 2276 686 2317 aequabiliter
1057 2310 1062 2313 ¹

420 2326 471 2347 22.
489 2315 686 2358 ἐντελέχειαν
698 2319 811 2357 (ἑνδελ,
823 2330 859 2348 ex
871 2318 953 2349 Med.
968 2320 1046 2349 Ven.
1059 2323 1145 2358 ¹49¹·
1160 2316 1195 2345 D.
1207 2318 1289 2350 (Ὃ)

486 2441 545 2470 hae
556 2448 627 2470 sunt
640 2441 702 2478 sere
716 2440 754 2470 de
767 2441 867 2470 animo
880 2443 930 2476 (R.
945 2443 976 2472 b.
996 2441 1063 2471 Alii.
1077 2443 1109 2471 P.
1126 2442 1162 2470 D.
1186 2439 1238 2471 W.
1254 2444 1287 2480 a)

487 2492 631 2521 magnum
652 2480 760 2521 quidem
775 2481 849 2509 illum
865 2481 963 2512 virum
1273 2480 1282 2491 ’

416 2524 466 2554 23.
484 2522 561 2551 deus
576 2523 664 2563 aliqui
680 2520 788 2550 viderit
806 2523 857 2558 (R.
876 2523 931 2557 D.)

485 2570 590 2592 mortis
612 2570 696 2591 metu

484 2604 595 2643 Efficiet
613 2604 695 2633 enim
709 2602 787 2632 ratio

413 2649 465 2682 ²4.
484 2641 683 2685 Reliquorum
706 2645 871 2675 sententiae

481 2686 559 2715 forte
583 2687 645 2716 hoc

413 2728 465 2759 95,
484 2726 562 2755 Nam
580 2723 805 2762 (ABSECLW.
832 2731 878 2763 a.)
895 2727 975 2757 istud
996 2727 1058 2764 (b.)

479 2808 583 2836 beatos
594 2818 650 2836 nos
667 2807 766 2847 efficiet

414 2843 465 2875 26.
482 2859 635 2878 remanere

1634 436 1720 473 Cod.
1740 441 1886 488 Bipont.

1396 483 1428 514 in
1444 482 1508 515 uita
1525 484 1602 515 nobis
1618 495 1682 517 esse
1697 487 1821 520 iucund.

1397 525 1509 564 hecqui
1528 533 1561 560 (e
1577 527 1676 558 Codd.
1695 530 1796 559 Gebh.
1819 532 1855 560 D.
1877 543 1902 562 r.
1927 535 1939 548 '¹
1954 536 2054 575 ecqui)

1338 580 1376 585 —
1399 575 1478 604 quem
1495 576 1555 593 cum
1571 566 1695 606 (Ceteri)

1398 647 1554 674 moriturum

1397 683 1412 696 ‘²
1424 686 1536 713 aestimo

1337 741 1374 746 —
1397 724 1410 738 *
1420 731 1447 753 et
1463 726 1514 759 (R.
1536 726 1747 760 PABSECVD
1771 735 1801 766 ι)

1329 781 1386 795 =
1397 764 1520 794 ‘isthuc
1534 768 1639 801 (MLD
1657 781 1682 799 ι.
1697 773 1781 807 istuc)

1396 807 1524 845 quoniam
1543 810 1608 848 quia

1394 857 1444 873 nec

1394 888 1488 926 itaque

1387 936 1500 967 possum

1328 984 1382 997 Ξ
1393 978 1425 997 n.
1435 978 1475 996 m.
1491 978 1530 997 m.
1545 979 1576 998 n.
1589 979 1653 999 esse
1665 978 1773 1000 mortem
1786 972 2089 1008 (PABSECV.Fah1-.
2102 976 2195 1011 Lau.)

1395 1007 1448 1037 sed
1461 1008 1579 1038 bonum
1597 1010 1697 1040 etiam.

1334 1107 1371 1112 —
1395 1089 1480 1119 habeo
1497 1094 1581 1124 (cum
1590 1091 1686 1122 schol.
1709 1097 1879 1133 »possum-1)
1899 1094 1948 1124 Sic
1965 1097 2002 1127 R.
2022 1097 2120 1128 Gebh.

1336 1148 1375 1153 --
1397 1131 1410 1145 ¹
1426 1133 1577 1167 nonnam„
1589 1134 1820 1164 ABSECVMD.
1840 1140 1871 1170 1)

1335 1188 1372 1193 -—
1395 1171 1408 1186 *
1427 1179 1496 1201 esset
1515 1178 1546 1207 (e
1559 1174 1639 1204 Cdd.
1655 1175 1697 1205 ·D.
1718 1175 1813 1209 Lall.)

1333 1230 1371 1236 —
1393 1212 1407 1227 ¹¹
1426 1224 1479 1242 non
1497 1220 1584 1246 (cum
1600 1215 1679 1247 Cdd.
1694 1217 1722 1246 D
1748 1216 1842 1251 Lan.)

1393 1255 1599 1293 probabiliora
1730 1263 1734 1270 '

1326 1303 1382 1317 =
1392 1295 1563 1325 uerisimilia
1578 1296 1699 1326 uideam
1715 1299 1768 1335 (R.
1789 1297 2050 1335 PABSECVMD)

1393 1336 1536 1376 sapientis

1392 1384 1503 1415 putant

1392 1423 1477 1445 catus
1496 1417 1590 1447 aelius
1608 1426 1719 1456 sextus.

1393 1456 1541 1487 diffusum

1393 1498 1442 1527 alii
1456 1506 1558 1528 autem
1574 1500 1709 1529 anImum

1394 1537 1570 1568 declarant:
1598 1542 1739 1569 nominant
1753 1551 1825 1570 nam
1844 1548 1874 1570 et

1395 1618 1501 1648 afflare
1518 1622 1521 1625 '

1336 1677 1373 1681 -
1396 1669 1460 1689 cor.
1481 1660 1756 1698 cerebrum.(Cdd.
1775 1668 1894 1691 tantum
1908 1673 1970 1692 nou
1987 1669 2106 1699 omnes)

1335 1759 1371 1766 -
1396 1741 1495 1771 Locus
1506 1743 1547 1771 sic
1557 1742 1680 1782 legitur:
1711 1746 1837 1785 Reliqua
1856 1745 1917 1774 fere
1933 1746 2040 1786 singuli
2061 1754 2093 1776 ut
2109 1748 2194 1776 multi

1435 1790 1505 1812 ante
1537 1791 1663 1815 ueteres.
1709 1787 1847 1817 Proxime
1874 1793 1976 1816 autem
1999 1795 2055 1817 etc.
2086 1788 2190 1828 (Bipp.

1435 1823 1552 1862 singuli,
1568 1831 1615 1858 ut)

1394 1865 1514 1904 negauit
1530 1876 1603 1903 esse,
1620 1866 1695 1895 illum
1710 1877 1820 1897 uerum
1841 1878 2002 1899 numerum

1392 1946 1414 1974 ά

1390 1994 1526 2027 separate

1389 2067 1596 2109 disputantum

1389 2110 1589 2149 ampthiotam
1598 2117 1708 2151 (repet.
1719 2123 1762 2140 am
1771 2110 1910 2153 praeced.
1923 2113 2028 2141 vocab.
2040 2114 2189 2151 quendam)

1390 2149 1502 2180 frustra
1522 2152 1661 2183 animalia

1389 2192 1548 2222 animantis

1388 2282 1423 2302 ae
1447 2273 1554 2305 naliter

1387 2324 1423 2343 eu
1448 2317 1595 2347 elechiam
1627 2323 1638 2351 (
1645 2321 1785 2358 marginis
1817 2325 2028 2359 argumentum
2059 2317 2186 2347 eandem

1428 2357 1608 2397 scripturam
1625 2359 1727 2391 refert.
1746 2371 1812 2393 Ν
1827 2358 2027 2389 εηάεὶεσὴεὶαηι
2047 2360 2081 2388 R.
2101 2359 2183 2389 Ans,

1426 2397 1561 2439 Bipontt.
1580 2400 1694 2431 habent
1712 2400 1923 2442 εντελεχιαν)-

1324 2458 1361 2463 —
1384 2439 1399 2452 ¹*
1412 2439 1475 2475 sere
1489 2444 1606 2470 omnium
1627 2441 1666 2471 de
1681 2453 1732 2475 an,
1752 2441 1996 2478 (ABSECVML.
2023 2449 2051 2475 1)

1382 2478 1457 2507 illum
1474 2481 1584 2520 quidem

1315 2519 1397 2547 ..-.--·.“
1419 2520 1519 2561 aliquis·
1540 2522 1671 2559 (Ceteri)

1383 2568 1485 2590 maetu
1504 2569 1609 2591 morus

1381 2599 1467 2639 efficit

1381 2641 1581 2682 Reliquorum
1591 2654 1660 2672 uero
1671 2645 1833 2675 sententiae

1315 2683 1441 2715 =hoc
1458 2684 1537 2712 forte
1554 2684 1617 2717 (SE
1632 2688 1646 2718 )

1322 2742 1359 2746 —
1384 2723 1467 2752 'iam
1488 2724 1534 2759 (b.
1564 2724 1691 2757 PVMD.
1729 2731 1772 2763 1,)
1800 2727 1899 2756 isthuc
1920 2725 2017 2762 (Edd.
2037 2733 2105 2755 ante
2125 2725 2178 2757 W.

2008 2774 2091 2802 nvnc)

1322 2823 1359 2828 --
1381 2803 1474 2832 efficit
1496 2805 1604 2843 (Bau)

1382 2856 1502 2876 maner?
