<?xml version="1.0" encoding="UTF-8"?>
<!DOCTYPE html PUBLIC "-//W3C//DTD XHTML 1.0 Transitional//EN"
    "http://www.w3.org/TR/xhtml1/DTD/xhtml1-transitional.dtd">
<html xmlns="http://www.w3.org/1999/xhtml" xml:lang="en" lang="en">
 <head>
  <title>
</title>
<meta http-equiv="Content-Type" content="text/html;charset=utf-8" />
  <meta name='ocr-system' content='tesseract 3.04.00' />
  <meta name='ocr-capabilities' content='ocr_page ocr_carea ocr_par ocr_line ocrx_word'/>
</head>
<body>
  <div class='ocr_page' id='page_1' title='image "./4773744_0025.png"; bbox 0 0 2485 3299; ppageno 0'>
   <div class='ocr_carea' id='block_1_1' title="bbox 915 240 1474 322">
    <p class='ocr_par' dir='ltr' id='par_1_1' title="bbox 915 240 1474 322">
     <span class='ocr_line' id='line_1_1' title="bbox 915 240 1474 322; baseline -0.013 1"><span class='ocrx_word' id='word_1_1' title='bbox 915 240 1474 322; x_wconf 49' lang='lat' dir='ltr'>Qst’w</span> 
     </span>
    </p>
   </div>
   <div class='ocr_carea' id='block_1_2' title="bbox 197 412 2017 1003">
    <p class='ocr_par' dir='ltr' id='par_1_2' title="bbox 197 412 2017 1003">
     <span class='ocr_line' id='line_1_2' title="bbox 701 412 1873 461; baseline -0.006 -7"><span class='ocrx_word' id='word_1_2' title='bbox 701 420 800 454; x_wconf 62' lang='lat' dir='ltr'>Edit.</span> <span class='ocrx_word' id='word_1_3' title='bbox 825 419 961 453; x_wconf 77' lang='lat' dir='ltr'>Orellz&#39;c&#39;.</span> <span class='ocrx_word' id='word_1_4' title='bbox 1624 412 1709 447; x_wconf 83' lang='lat' dir='ltr'>Cod.</span> <span class='ocrx_word' id='word_1_5' title='bbox 1729 414 1873 461; x_wconf 78' lang='lat' dir='ltr'>Bt&#39;pont.</span> 
     </span>
     <span class='ocr_line' id='line_1_3' title="bbox 197 504 2017 587; baseline -0.008 -35"><span class='ocrx_word' id='word_1_6' title='bbox 197 524 230 552; x_wconf 87' lang='lat' dir='ltr'>C.</span> <span class='ocrx_word' id='word_1_7' title='bbox 249 522 373 551; x_wconf 62' lang='lat' dir='ltr'>xhvn.</span> <span class='ocrx_word' id='word_1_8' title='bbox 399 516 569 586; x_wconf 40' lang='lat' dir='ltr'>§.nmilia</span> <span class='ocrx_word' id='word_1_9' title='bbox 580 516 745 587; x_wconf 57' lang='lat' dir='ltr'>Pffiemium</span> <span class='ocrx_word' id='word_1_10' title='bbox 771 521 825 552; x_wconf 79' lang='lat'>(—-</span> <span class='ocrx_word' id='word_1_11' title='bbox 856 515 926 544; x_wconf 82' lang='lat' dir='ltr'>illud</span> <span class='ocrx_word' id='word_1_12' title='bbox 954 516 998 544; x_wconf 86' lang='lat' dir='ltr'>El.</span> <span class='ocrx_word' id='word_1_13' title='bbox 1022 524 1080 543; x_wconf 78' lang='lat' dir='ltr'>sec.</span> <span class='ocrx_word' id='word_1_14' title='bbox 1099 510 1292 551; x_wconf 52' lang='lat' dir='ltr'>&amp;praemii</span> <span class='ocrx_word' id='word_1_15' title='bbox 1387 504 1462 536; x_wconf 68' lang='lat' dir='ltr'>illud</span> <span class='ocrx_word' id='word_1_16' title='bbox 1482 505 1586 546; x_wconf 64' lang='lat' dir='ltr'>premii</span> <span class='ocrx_word' id='word_1_17' title='bbox 1605 510 1684 545; x_wconf 53' lang='lat' dir='ltr'>QX)</span> <span class='ocrx_word' id='word_1_18' title='bbox 1701 510 1737 539; x_wconf 92' lang='lat' dir='ltr'>D.</span> <span class='ocrx_word' id='word_1_19' title='bbox 1757 509 1794 539; x_wconf 85' lang='lat' dir='ltr'>tle</span> <span class='ocrx_word' id='word_1_20' title='bbox 1814 510 1908 540; x_wconf 84' lang='lat' dir='ltr'>Bentl.</span> <span class='ocrx_word' id='word_1_21' title='bbox 1926 514 2017 544; x_wconf 84' lang='lat' dir='ltr'>sent.)</span> 
     </span>
     <span class='ocr_line' id='line_1_4' title="bbox 572 564 680 591; baseline -0.009 -4"><span class='ocrx_word' id='word_1_22' title='bbox 572 580 580 587; x_wconf 85' lang='lat'>.</span> <span class='ocrx_word' id='word_1_23' title='bbox 634 564 680 591; x_wconf 90' lang='lat' dir='ltr'>u.)</span> 
     </span>
     <span class='ocr_line' id='line_1_5' title="bbox 505 585 1628 628; baseline -0.012 0"><span class='ocrx_word' id='word_1_24' title='bbox 505 609 590 628; x_wconf 88' lang='lat' dir='ltr'>mane</span> <span class='ocrx_word' id='word_1_25' title='bbox 601 599 736 628; x_wconf 84' lang='lat' dir='ltr'>inventos</span> <span class='ocrx_word' id='word_1_26' title='bbox 1386 585 1526 616; x_wconf 84' lang='lat' dir='ltr'>inuentos</span> <span class='ocrx_word' id='word_1_27' title='bbox 1541 597 1628 618; x_wconf 84' lang='lat' dir='ltr'>mane</span> 
     </span>
     <span class='ocr_line' id='line_1_6' title="bbox 428 627 1557 679; baseline -0.01 -11"><span class='ocrx_word' id='word_1_28' title='bbox 428 651 438 668; x_wconf 80' lang='lat'>1</span> <span class='ocrx_word' id='word_1_29' title='bbox 450 638 697 679; x_wconf 65' lang='lat' dir='ltr'>14.Trophonius</span> <span class='ocrx_word' id='word_1_30' title='bbox 1388 627 1557 667; x_wconf 84' lang='lat' dir='ltr'>triphonius</span> 
     </span>
     <span class='ocr_line' id='line_1_7' title="bbox 503 668 1500 721; baseline -0.013 -11"><span class='ocrx_word' id='word_1_31' title='bbox 503 680 653 721; x_wconf 84' lang='lat' dir='ltr'>petierunt</span> <span class='ocrx_word' id='word_1_32' title='bbox 664 703 666 705; x_wconf 60' lang='grc'><strong>,</strong></span> <span class='ocrx_word' id='word_1_33' title='bbox 1388 668 1500 709; x_wconf 84' lang='lat' dir='ltr'>petiere</span> 
     </span>
     <span class='ocr_line' id='line_1_8' title="bbox 503 719 1425 761; baseline -0.012 -11"><span class='ocrx_word' id='word_1_34' title='bbox 503 722 602 761; x_wconf 84' lang='lat' dir='ltr'>operis</span> <span class='ocrx_word' id='word_1_35' title='bbox 618 728 644 751; x_wconf 83' lang='lat' dir='ltr'>et</span> <span class='ocrx_word' id='word_1_36' title='bbox 655 719 765 749; x_wconf 87' lang='lat' dir='ltr'>laboris</span> <span class='ocrx_word' id='word_1_37' title='bbox 923 745 930 749; x_wconf 62' lang='lat'><em>,</em></span> <span class='ocrx_word' id='word_1_38' title='bbox 1389 720 1425 739; x_wconf 90' lang='lat' dir='ltr'>ac</span> 
     </span>
     <span class='ocr_line' id='line_1_9' title="bbox 504 750 1754 798; baseline -0.007 -9"><span class='ocrx_word' id='word_1_39' title='bbox 504 769 534 789; x_wconf 88' lang='lat' dir='ltr'>et</span> <span class='ocrx_word' id='word_1_40' title='bbox 552 771 621 789; x_wconf 89' lang='lat' dir='ltr'>eum</span> <span class='ocrx_word' id='word_1_41' title='bbox 638 758 762 798; x_wconf 84' lang='lat' dir='ltr'>quidem</span> <span class='ocrx_word' id='word_1_42' title='bbox 780 757 870 787; x_wconf 84' lang='lat' dir='ltr'>deum</span> <span class='ocrx_word' id='word_1_43' title='bbox 1391 757 1421 778; x_wconf 87' lang='lat' dir='ltr'>et</span> <span class='ocrx_word' id='word_1_44' title='bbox 1439 759 1509 777; x_wconf 88' lang='lat' dir='ltr'>eum</span> <span class='ocrx_word' id='word_1_45' title='bbox 1522 750 1614 780; x_wconf 89' lang='lat' dir='ltr'>deum</span> <span class='ocrx_word' id='word_1_46' title='bbox 1631 751 1754 791; x_wconf 87' lang='lat' dir='ltr'>quidem</span> 
     </span>
     <span class='ocr_line' id='line_1_10' title="bbox 251 789 1569 841; baseline -0.01 -7"><span class='ocrx_word' id='word_1_47' title='bbox 251 805 319 832; x_wconf 63' lang='grc' dir='ltr'>ἫΛ</span> <span class='ocrx_word' id='word_1_48' title='bbox 334 804 389 833; x_wconf 84' lang='lat'><em>111.</em></span> <span class='ocrx_word' id='word_1_49' title='bbox 433 801 498 832; x_wconf 88' lang='lat'>115.</span> <span class='ocrx_word' id='word_1_50' title='bbox 509 800 697 841; x_wconf 83' lang='lat' dir='ltr'><strong>Cresphonte</strong></span> <span class='ocrx_word' id='word_1_51' title='bbox 1390 789 1569 831; x_wconf 85' lang='lat' dir='ltr'><strong>chresponte</strong></span> 
     </span>
     <span class='ocr_line' id='line_1_11' title="bbox 509 832 1687 871; baseline -0.006 0"><span class='ocrx_word' id='word_1_52' title='bbox 509 849 612 871; x_wconf 86' lang='lat' dir='ltr'>coetus</span> <span class='ocrx_word' id='word_1_53' title='bbox 629 841 811 870; x_wconf 85' lang='lat' dir='ltr'><strong>celebrantes</strong></span> <span class='ocrx_word' id='word_1_54' title='bbox 997 859 999 861; x_wconf 56' lang='lat'>&gt;</span> <span class='ocrx_word' id='word_1_55' title='bbox 1394 837 1477 861; x_wconf 75' lang='lat' dir='ltr'>cetus</span> <span class='ocrx_word' id='word_1_56' title='bbox 1494 832 1687 864; x_wconf 77' lang='lat' dir='ltr'>celaebrantis</span> 
     </span>
     <span class='ocr_line' id='line_1_12' title="bbox 505 873 1558 922; baseline -0.01 -11"><span class='ocrx_word' id='word_1_57' title='bbox 505 888 679 922; x_wconf 86' lang='lat' dir='ltr'>reputantes</span> <span class='ocrx_word' id='word_1_58' title='bbox 1393 873 1558 912; x_wconf 74' lang='lat' dir='ltr'>reputantis</span> 
     </span>
     <span class='ocr_line' id='line_1_13' title="bbox 504 912 1613 962; baseline -0.006 -11"><span class='ocrx_word' id='word_1_59' title='bbox 504 929 534 951; x_wconf 90' lang='lat' dir='ltr'>at</span> <span class='ocrx_word' id='word_1_60' title='bbox 550 922 601 962; x_wconf 89' lang='lat' dir='ltr'>qui</span> <span class='ocrx_word' id='word_1_61' title='bbox 619 923 736 951; x_wconf 83' lang='lat' dir='ltr'>labores</span> <span class='ocrx_word' id='word_1_62' title='bbox 1395 912 1478 951; x_wconf 85' lang='lat' dir='ltr'>atqui</span> <span class='ocrx_word' id='word_1_63' title='bbox 1496 913 1613 944; x_wconf 86' lang='lat' dir='ltr'>labores</span> 
     </span>
     <span class='ocr_line' id='line_1_14' title="bbox 507 953 1495 1003; baseline -0.011 -10"><span class='ocrx_word' id='word_1_64' title='bbox 507 973 610 1003; x_wconf 82' lang='lat' dir='ltr'>graves</span> <span class='ocrx_word' id='word_1_65' title='bbox 1396 953 1495 993; x_wconf 90' lang='lat' dir='ltr'>grauis</span> 
     </span>
    </p>
   </div>
   <div class='ocr_carea' id='block_1_3' title="bbox 506 992 1944 1080">
    <p class='ocr_par' dir='ltr' id='par_1_3' title="bbox 506 992 1944 1080">
     <span class='ocr_line' id='line_1_15' title="bbox 506 992 1944 1080; baseline -0.006 -48"><span class='ocrx_word' id='word_1_66' title='bbox 506 1004 590 1071; x_wconf 72' lang='lat' dir='ltr'>hupc</span> <span class='ocrx_word' id='word_1_67' title='bbox 616 1004 630 1017; x_wconf 90' lang='lat'><em>*</em></span> <span class='ocrx_word' id='word_1_68' title='bbox 655 1002 860 1080; x_wconf 44' lang='grc' dir='ltr'>οιηηιῂἷωὶίοος</span> <span class='ocrx_word' id='word_1_69' title='bbox 882 1002 935 1036; x_wconf 86' lang='lat' dir='ltr'>(D.</span> <span class='ocrx_word' id='word_1_70' title='bbox 963 1000 1040 1029; x_wconf 87' lang='lat' dir='ltr'>coni.</span> <span class='ocrx_word' id='word_1_71' title='bbox 1059 1001 1136 1032; x_wconf 83' lang='lat' dir='ltr'>Lall.</span> <span class='ocrx_word' id='word_1_72' title='bbox 1163 1011 1188 1030; x_wconf 84' lang='grc' dir='ltr'>ῐ,</span> <span class='ocrx_word' id='word_1_73' title='bbox 1209 1001 1262 1033; x_wconf 83' lang='lat' dir='ltr'>W.</span> <span class='ocrx_word' id='word_1_74' title='bbox 1281 1003 1300 1024; x_wconf 83' lang='lat'>2</span> <span class='ocrx_word' id='word_1_75' title='bbox 1337 1009 1376 1016; x_wconf 90' lang='lat'>—</span> <span class='ocrx_word' id='word_1_76' title='bbox 1397 1003 1488 1022; x_wconf 79' lang='lat' dir='ltr'>omnes</span> <span class='ocrx_word' id='word_1_77' title='bbox 1504 992 1599 1029; x_wconf 83' lang='lat' dir='ltr'>(Cdd.</span> <span class='ocrx_word' id='word_1_78' title='bbox 1617 994 1804 1025; x_wconf 85' lang='lat' dir='ltr'>PABSECV.</span> <span class='ocrx_word' id='word_1_79' title='bbox 1825 993 1944 1030; x_wconf 83' lang='lat' dir='ltr'>Gebh.)</span> 
     </span>
     <span class='ocr_line' id='line_1_16' title="bbox 558 1055 785 1073; baseline 0.004 -1"><span class='ocrx_word' id='word_1_80' title='bbox 558 1055 620 1072; x_wconf 73' lang='lat' dir='ltr'>lunc</span> <span class='ocrx_word' id='word_1_81' title='bbox 636 1055 696 1073; x_wconf 86' lang='lat' dir='ltr'>om.</span> <span class='ocrx_word' id='word_1_82' title='bbox 778 1066 785 1073; x_wconf 71' lang='grc' dir='ltr'>ι</span> 
     </span>
    </p>
   </div>
   <div class='ocr_carea' id='block_1_4' title="bbox 508 1073 1706 1317">
    <p class='ocr_par' dir='ltr' id='par_1_4' title="bbox 508 1073 1585 1166">
     <span class='ocr_line' id='line_1_17' title="bbox 508 1073 1585 1113; baseline -0.011 0"><span class='ocrx_word' id='word_1_83' title='bbox 508 1084 689 1113; x_wconf 84' lang='lat' dir='ltr'>Terinaeum</span> <span class='ocrx_word' id='word_1_84' title='bbox 1398 1073 1585 1102; x_wconf 76' lang='lat' dir='ltr'><strong>terinaneum</strong></span> 
     </span>
     <span class='ocr_line' id='line_1_18' title="bbox 508 1112 1547 1166; baseline -0.013 -11"><span class='ocrx_word' id='word_1_85' title='bbox 508 1124 644 1166; x_wconf 87' lang='lat' dir='ltr'>Elysium</span> <span class='ocrx_word' id='word_1_86' title='bbox 1397 1112 1547 1155; x_wconf 77' lang='lat' dir='ltr'><strong>helysium</strong></span> 
     </span>
    </p>

    <p class='ocr_par' dir='ltr' id='par_1_5' title="bbox 508 1154 1706 1247">
     <span class='ocr_line' id='line_1_19' title="bbox 508 1154 1706 1197; baseline -0.008 -1"><span class='ocrx_word' id='word_1_87' title='bbox 508 1166 561 1196; x_wconf 89' lang='lat' dir='ltr'>filii</span> <span class='ocrx_word' id='word_1_88' title='bbox 573 1173 698 1197; x_wconf 88' lang='lat' dir='ltr'>mortem</span> <span class='ocrx_word' id='word_1_89' title='bbox 721 1170 863 1194; x_wconf 84' lang='lat' dir='ltr'>maereret</span> <span class='ocrx_word' id='word_1_90' title='bbox 1399 1162 1494 1184; x_wconf 85' lang='lat' dir='ltr'>morte</span> <span class='ocrx_word' id='word_1_91' title='bbox 1511 1154 1564 1185; x_wconf 85' lang='lat' dir='ltr'>filii</span> <span class='ocrx_word' id='word_1_92' title='bbox 1581 1164 1706 1186; x_wconf 84' lang='lat' dir='ltr'>mereret</span> 
     </span>
     <span class='ocr_line' id='line_1_20' title="bbox 508 1195 1626 1247; baseline -0.012 -11"><span class='ocrx_word' id='word_1_93' title='bbox 508 1206 772 1247; x_wconf 78' lang='lat' dir='ltr'>psychomantium</span> <span class='ocrx_word' id='word_1_94' title='bbox 965 1222 970 1229; x_wconf 69' lang='grc'>.</span> <span class='ocrx_word' id='word_1_95' title='bbox 1395 1195 1626 1224; x_wconf 86' lang='lat' dir='ltr'>sichomantium</span> 
     </span>
    </p>

    <p class='ocr_par' dir='ltr' id='par_1_6' title="bbox 509 1235 1671 1317">
     <span class='ocr_line' id='line_1_21' title="bbox 509 1235 1671 1278; baseline -0.01 -2"><span class='ocrx_word' id='word_1_96' title='bbox 509 1255 568 1278; x_wconf 82' lang='lat' dir='ltr'>tres</span> <span class='ocrx_word' id='word_1_97' title='bbox 581 1245 754 1277; x_wconf 73' lang='lat' dir='ltr'>huimmodi</span> <span class='ocrx_word' id='word_1_98' title='bbox 1397 1235 1450 1266; x_wconf 80' lang='lat' dir='ltr'>tris</span> <span class='ocrx_word' id='word_1_99' title='bbox 1462 1235 1671 1266; x_wconf 80' lang='lat' dir='ltr'>huiuscemodi</span> 
     </span>
     <span class='ocr_line' id='line_1_22' title="bbox 510 1284 1532 1317; baseline -0.012 0"><span class='ocrx_word' id='word_1_100' title='bbox 510 1295 611 1317; x_wconf 81' lang='lat' dir='ltr'>errant</span> <span class='ocrx_word' id='word_1_101' title='bbox 630 1310 633 1315; x_wconf 83' lang='grc'>.</span> <span class='ocrx_word' id='word_1_102' title='bbox 1396 1284 1532 1306; x_wconf 81' lang='lat' dir='ltr'>errarent</span> 
     </span>
    </p>
   </div>
   <div class='ocr_carea' id='block_1_5' title="bbox 437 1317 2192 1487">
    <p class='ocr_par' dir='ltr' id='par_1_7' title="bbox 437 1317 2192 1487">
     <span class='ocr_line' id='line_1_23' title="bbox 511 1317 1556 1368; baseline -0.011 -11"><span class='ocrx_word' id='word_1_103' title='bbox 511 1329 692 1368; x_wconf 87' lang='lat' dir='ltr'><strong>Euthynous</strong></span> <span class='ocrx_word' id='word_1_104' title='bbox 1397 1317 1556 1346; x_wconf 78' lang='lat' dir='ltr'>heutineus</span> 
     </span>
     <span class='ocr_line' id='line_1_24' title="bbox 510 1356 1783 1405; baseline -0.009 -8"><span class='ocrx_word' id='word_1_105' title='bbox 510 1368 643 1404; x_wconf 89' lang='lat' dir='ltr'>numine,</span> <span class='ocrx_word' id='word_1_106' title='bbox 668 1367 729 1395; x_wconf 79' lang='lat' dir='ltr'>leco.</span> <span class='ocrx_word' id='word_1_107' title='bbox 774 1365 867 1400; x_wconf 89' lang='lat' dir='ltr'><strong>(Cdd.</strong></span> <span class='ocrx_word' id='word_1_108' title='bbox 887 1365 956 1405; x_wconf 85' lang='lat' dir='ltr'>aliq.</span> <span class='ocrx_word' id='word_1_109' title='bbox 974 1376 1003 1396; x_wconf 81' lang='lat' dir='ltr'>v.</span> <span class='ocrx_word' id='word_1_110' title='bbox 1026 1377 1053 1395; x_wconf 91' lang='lat' dir='ltr'>c.</span> <span class='ocrx_word' id='word_1_111' title='bbox 1074 1365 1162 1394; x_wconf 81' lang='lat' dir='ltr'>Bern.</span> <span class='ocrx_word' id='word_1_112' title='bbox 1181 1364 1242 1393; x_wconf 83' lang='lat' dir='ltr'>AB.</span> <span class='ocrx_word' id='word_1_113' title='bbox 1265 1363 1301 1393; x_wconf 87' lang='lat' dir='ltr'>D.</span> <span class='ocrx_word' id='word_1_114' title='bbox 1339 1376 1377 1382; x_wconf 83' lang='grc'><strong>-</strong></span> <span class='ocrx_word' id='word_1_115' title='bbox 1398 1357 1479 1387; x_wconf 65' lang='lat' dir='ltr'>laeto</span> <span class='ocrx_word' id='word_1_116' title='bbox 1493 1356 1678 1393; x_wconf 86' lang='lat' dir='ltr'>(PSECML.</span> <span class='ocrx_word' id='word_1_117' title='bbox 1694 1357 1783 1393; x_wconf 85' lang='lat'>1566)</span> 
     </span>
     <span class='ocr_line' id='line_1_25' title="bbox 553 1400 1477 1446; baseline -0.011 -7"><span class='ocrx_word' id='word_1_118' title='bbox 553 1420 576 1438; x_wconf 91' lang='lat'>1.</span> <span class='ocrx_word' id='word_1_119' title='bbox 596 1409 674 1438; x_wconf 89' lang='lat' dir='ltr'>Lall.</span> <span class='ocrx_word' id='word_1_120' title='bbox 689 1406 756 1446; x_wconf 85' lang='lat' dir='ltr'>(qui</span> <span class='ocrx_word' id='word_1_121' title='bbox 770 1414 830 1436; x_wconf 85' lang='lat' dir='ltr'>tres</span> <span class='ocrx_word' id='word_1_122' title='bbox 847 1422 902 1436; x_wconf 64' lang='grc' dir='ltr'>Ξ</span> <span class='ocrx_word' id='word_1_123' title='bbox 922 1405 1009 1441; x_wconf 77' lang='lat' dir='ltr'>letho)</span> <span class='ocrx_word' id='word_1_124' title='bbox 1021 1405 1074 1437; x_wconf 77' lang='lat' dir='ltr'>W.</span> <span class='ocrx_word' id='word_1_125' title='bbox 1094 1407 1138 1443; x_wconf 70' lang='grc' dir='ltr'>τι.)</span> <span class='ocrx_word' id='word_1_126' title='bbox 1474 1400 1477 1404; x_wconf 67' lang='grc'><em>’</em></span> 
     </span>
     <span class='ocr_line' id='line_1_26' title="bbox 437 1437 2192 1487; baseline -0.005 -10"><span class='ocrx_word' id='word_1_127' title='bbox 437 1448 681 1483; x_wconf 82' lang='lat' dir='ltr'>116.Alcjdamas</span> <span class='ocrx_word' id='word_1_128' title='bbox 704 1447 811 1487; x_wconf 81' lang='lat' dir='ltr'>quidem</span> <span class='ocrx_word' id='word_1_129' title='bbox 833 1446 878 1481; x_wconf 91' lang='lat' dir='ltr'>(b.</span> <span class='ocrx_word' id='word_1_130' title='bbox 906 1456 923 1475; x_wconf 89' lang='lat' dir='ltr'>a</span> <span class='ocrx_word' id='word_1_131' title='bbox 950 1456 997 1485; x_wconf 81' lang='lat' dir='ltr'>pr.</span> <span class='ocrx_word' id='word_1_132' title='bbox 1026 1454 1125 1475; x_wconf 83' lang='lat' dir='ltr'>manu.</span> <span class='ocrx_word' id='word_1_133' title='bbox 1151 1444 1189 1474; x_wconf 88' lang='lat' dir='ltr'>de</span> <span class='ocrx_word' id='word_1_134' title='bbox 1208 1445 1305 1486; x_wconf 71' lang='lat' dir='ltr'>Bentl.</span> <span class='ocrx_word' id='word_1_135' title='bbox 1401 1439 1415 1453; x_wconf 78' lang='lat'><em>*</em></span> <span class='ocrx_word' id='word_1_136' title='bbox 1429 1437 1540 1478; x_wconf 82' lang='lat' dir='ltr'>quidam</span> <span class='ocrx_word' id='word_1_137' title='bbox 1549 1437 1610 1472; x_wconf 69' lang='grc' dir='ltr'>(ΒΡ</span> <span class='ocrx_word' id='word_1_138' title='bbox 1640 1437 1737 1466; x_wconf 76' lang='lat' dir='ltr'>Ceteri</span> <span class='ocrx_word' id='word_1_139' title='bbox 1749 1448 1860 1470; x_wconf 79' lang='lat' dir='ltr'>omnes,</span> <span class='ocrx_word' id='word_1_140' title='bbox 1890 1439 1980 1479; x_wconf 82' lang='lat' dir='ltr'>Apud</span> <span class='ocrx_word' id='word_1_141' title='bbox 2000 1440 2092 1470; x_wconf 85' lang='lat' dir='ltr'>Orell.</span> <span class='ocrx_word' id='word_1_142' title='bbox 2110 1437 2192 1466; x_wconf 77' lang='lat' dir='ltr'>deest</span> 
     </span>
    </p>
   </div>
   <div class='ocr_carea' id='block_1_6' title="bbox 269 1484 2202 2464">
    <p class='ocr_par' dir='ltr' id='par_1_8' title="bbox 269 1484 2202 2464">
     <span class='ocr_line' id='line_1_27' title="bbox 553 1484 1583 1521; baseline -0.014 -2"><span class='ocrx_word' id='word_1_143' title='bbox 553 1489 632 1520; x_wconf 86' lang='lat' dir='ltr'>coni,</span> <span class='ocrx_word' id='word_1_144' title='bbox 647 1487 734 1520; x_wconf 88' lang='lat' dir='ltr'>DW.</span> <span class='ocrx_word' id='word_1_145' title='bbox 758 1490 791 1521; x_wconf 71' lang='lat' dir='ltr'>a)</span> <span class='ocrx_word' id='word_1_146' title='bbox 1440 1484 1513 1506; x_wconf 91' lang='lat' dir='ltr'>nota</span> <span class='ocrx_word' id='word_1_147' title='bbox 1530 1484 1583 1512; x_wconf 83' lang='lat'>—)</span> 
     </span>
     <span class='ocr_line' id='line_1_28' title="bbox 514 1519 1518 1570; baseline -0.014 -10"><span class='ocrx_word' id='word_1_148' title='bbox 514 1531 618 1560; x_wconf 87' lang='lat' dir='ltr'><strong>rhetor</strong></span> <span class='ocrx_word' id='word_1_149' title='bbox 634 1531 761 1570; x_wconf 83' lang='lat' dir='ltr'>antiquus</span> <span class='ocrx_word' id='word_1_150' title='bbox 1401 1519 1518 1559; x_wconf 77' lang='lat' dir='ltr'>antiquis</span> 
     </span>
     <span class='ocr_line' id='line_1_29' title="bbox 514 1559 1453 1601; baseline -0.015 0"><span class='ocrx_word' id='word_1_151' title='bbox 514 1571 572 1601; x_wconf 90' lang='lat' dir='ltr'>Cui</span> <span class='ocrx_word' id='word_1_152' title='bbox 589 1570 719 1600; x_wconf 82' lang='lat' dir='ltr'>rationes</span> <span class='ocrx_word' id='word_1_153' title='bbox 737 1581 785 1597; x_wconf 79' lang='lat' dir='ltr'>eae</span> <span class='ocrx_word' id='word_1_154' title='bbox 1403 1559 1453 1587; x_wconf 80' lang='lat' dir='ltr'>hae</span> 
     </span>
     <span class='ocr_line' id='line_1_30' title="bbox 515 1599 1536 1648; baseline -0.013 -8"><span class='ocrx_word' id='word_1_155' title='bbox 515 1611 686 1641; x_wconf 82' lang='lat' dir='ltr'>Erechtheo</span> <span class='ocrx_word' id='word_1_156' title='bbox 703 1609 858 1648; x_wconf 81' lang='lat' dir='ltr'>(Ericlztheo</span> <span class='ocrx_word' id='word_1_157' title='bbox 877 1608 948 1638; x_wconf 72' lang='lat' dir='ltr'>Alii»</span> <span class='ocrx_word' id='word_1_158' title='bbox 1403 1599 1536 1629; x_wconf 86' lang='lat' dir='ltr'>erictheo</span> 
     </span>
     <span class='ocr_line' id='line_1_31' title="bbox 516 1639 1518 1692; baseline -0.01 -12"><span class='ocrx_word' id='word_1_159' title='bbox 516 1652 614 1692; x_wconf 78' lang='lat' dir='ltr'>cupc&#39;de</span> <span class='ocrx_word' id='word_1_160' title='bbox 631 1658 758 1680; x_wconf 84' lang='lat' dir='ltr'>mortem</span> <span class='ocrx_word' id='word_1_161' title='bbox 775 1649 981 1690; x_wconf 78' lang='lat' dir='ltr'>expetiverunt</span> <span class='ocrx_word' id='word_1_162' title='bbox 1401 1639 1518 1681; x_wconf 77' lang='lat' dir='ltr'>cupidae</span> 
     </span>
     <span class='ocr_line' id='line_1_32' title="bbox 516 1680 1485 1722; baseline -0.014 0"><span class='ocrx_word' id='word_1_163' title='bbox 516 1692 635 1722; x_wconf 83' lang='lat' dir='ltr'>immisit</span> <span class='ocrx_word' id='word_1_164' title='bbox 652 1693 738 1720; x_wconf 77' lang='lat' dir='ltr'>hostes</span> <span class='ocrx_word' id='word_1_165' title='bbox 1404 1680 1485 1709; x_wconf 74' lang='lat' dir='ltr'>hostis</span> 
     </span>
     <span class='ocr_line' id='line_1_33' title="bbox 517 1721 1678 1761; baseline -0.011 0"><span class='ocrx_word' id='word_1_166' title='bbox 517 1733 653 1761; x_wconf 86' lang='lat' dir='ltr'>victrices</span> <span class='ocrx_word' id='word_1_167' title='bbox 668 1731 800 1760; x_wconf 81' lang='lat' dir='ltr'><strong>Athenas</strong></span> <span class='ocrx_word' id='word_1_168' title='bbox 1402 1721 1528 1750; x_wconf 85' lang='lat' dir='ltr'><strong>athenas</strong></span> <span class='ocrx_word' id='word_1_169' title='bbox 1545 1721 1678 1749; x_wconf 82' lang='lat' dir='ltr'>victrices</span> 
     </span>
     <span class='ocr_line' id='line_1_34' title="bbox 515 1760 1822 1814; baseline -0.011 -11"><span class='ocrx_word' id='word_1_170' title='bbox 515 1772 671 1814; x_wconf 81' lang='lat' dir='ltr'>Iphigenia</span> <span class='ocrx_word' id='word_1_171' title='bbox 690 1770 797 1801; x_wconf 88' lang='lat' dir='ltr'>Aulide</span> <span class='ocrx_word' id='word_1_172' title='bbox 815 1769 886 1800; x_wconf 86' lang='lat' dir='ltr'>duci</span> <span class='ocrx_word' id='word_1_173' title='bbox 899 1780 929 1799; x_wconf 88' lang='lat' dir='ltr'>se</span> <span class='ocrx_word' id='word_1_174' title='bbox 1404 1761 1430 1791; x_wconf 83' lang='lat' dir='ltr'>E</span> <span class='ocrx_word' id='word_1_175' title='bbox 1452 1760 1571 1801; x_wconf 85' lang='lat' dir='ltr'>higenia</span> <span class='ocrx_word' id='word_1_176' title='bbox 1588 1771 1619 1790; x_wconf 88' lang='lat' dir='ltr'>se</span> <span class='ocrx_word' id='word_1_177' title='bbox 1633 1760 1732 1790; x_wconf 87' lang='lat' dir='ltr'>aulide</span> <span class='ocrx_word' id='word_1_178' title='bbox 1753 1760 1822 1790; x_wconf 87' lang='lat' dir='ltr'>duci</span> 
     </span>
     <span class='ocr_line' id='line_1_35' title="bbox 515 1802 1871 1852; baseline -0.01 -10"><span class='ocrx_word' id='word_1_179' title='bbox 515 1814 646 1842; x_wconf 87' lang='lat' dir='ltr'>hostium</span> <span class='ocrx_word' id='word_1_180' title='bbox 661 1811 802 1852; x_wconf 85' lang='lat' dir='ltr'>[sanguis]</span> <span class='ocrx_word' id='word_1_181' title='bbox 816 1812 896 1848; x_wconf 66' lang='grc' dir='ltr'>(Ν</span> <span class='ocrx_word' id='word_1_182' title='bbox 914 1819 976 1841; x_wconf 83' lang='lat' dir='ltr'>om.</span> <span class='ocrx_word' id='word_1_183' title='bbox 998 1810 1108 1847; x_wconf 70' lang='lat' dir='ltr'>sanguis</span> <span class='ocrx_word' id='word_1_184' title='bbox 1124 1808 1159 1837; x_wconf 81' lang='lat' dir='ltr'>R.</span> <span class='ocrx_word' id='word_1_185' title='bbox 1179 1807 1233 1836; x_wconf 86' lang='lat' dir='ltr'>Gr.</span> <span class='ocrx_word' id='word_1_186' title='bbox 1256 1806 1310 1835; x_wconf 78' lang='lat' dir='ltr'>Alii</span> <span class='ocrx_word' id='word_1_187' title='bbox 1405 1802 1420 1816; x_wconf 82' lang='lat'><strong>*</strong></span> <span class='ocrx_word' id='word_1_188' title='bbox 1458 1802 1567 1830; x_wconf 86' lang='lat' dir='ltr'>ostium</span> <span class='ocrx_word' id='word_1_189' title='bbox 1581 1802 1698 1841; x_wconf 85' lang='lat' dir='ltr'>sanguis</span> <span class='ocrx_word' id='word_1_190' title='bbox 1718 1802 1871 1836; x_wconf 80' lang='lat' dir='ltr'>(Plurimi)</span> 
     </span>
     <span class='ocr_line' id='line_1_36' title="bbox 557 1848 1111 1894; baseline -0.009 -12"><span class='ocrx_word' id='word_1_191' title='bbox 557 1854 645 1894; x_wconf 90' lang='lat' dir='ltr'>prob.</span> <span class='ocrx_word' id='word_1_192' title='bbox 663 1854 767 1882; x_wconf 85' lang='lat' dir='ltr'>Bruto.</span> <span class='ocrx_word' id='word_1_193' title='bbox 811 1850 906 1880; x_wconf 85' lang='lat' dir='ltr'>Orell.</span> <span class='ocrx_word' id='word_1_194' title='bbox 922 1848 1008 1879; x_wconf 82' lang='lat' dir='ltr'>uncis</span> <span class='ocrx_word' id='word_1_195' title='bbox 1023 1848 1111 1882; x_wconf 88' lang='lat' dir='ltr'>incl.)</span> 
     </span>
     <span class='ocr_line' id='line_1_37' title="bbox 517 1882 1614 1924; baseline -0.013 0"><span class='ocrx_word' id='word_1_196' title='bbox 517 1895 654 1924; x_wconf 83' lang='lat' dir='ltr'>eliciatur</span> <span class='ocrx_word' id='word_1_197' title='bbox 672 1904 726 1923; x_wconf 86' lang='lat' dir='ltr'>suo</span> <span class='ocrx_word' id='word_1_198' title='bbox 1406 1882 1539 1912; x_wconf 81' lang='lat' dir='ltr'>eiiciatur</span> <span class='ocrx_word' id='word_1_199' title='bbox 1559 1892 1614 1911; x_wconf 90' lang='lat' dir='ltr'>suo</span> 
     </span>
     <span class='ocr_line' id='line_1_38' title="bbox 269 1922 1622 1966; baseline -0.012 0"><span class='ocrx_word' id='word_1_200' title='bbox 269 1938 378 1966; x_wconf 39' lang='lat' dir='ltr'>xlllx.</span> <span class='ocrx_word' id='word_1_201' title='bbox 517 1933 699 1965; x_wconf 82' lang='lat' dir='ltr'>Harmodius</span> <span class='ocrx_word' id='word_1_202' title='bbox 717 1936 744 1961; x_wconf 86' lang='grc' dir='ltr'>ἱη</span> <span class='ocrx_word' id='word_1_203' title='bbox 763 1945 806 1961; x_wconf 70' lang='lat' dir='ltr'>ore</span> <span class='ocrx_word' id='word_1_204' title='bbox 1328 1922 1331 1925; x_wconf 32' lang='lat'>³</span> <span class='ocrx_word' id='word_1_205' title='bbox 1406 1934 1477 1952; x_wconf 78' lang='lat' dir='ltr'>more</span> <span class='ocrx_word' id='word_1_206' title='bbox 1492 1928 1622 1958; x_wconf 86' lang='lat' dir='ltr'>(mo-re)</span> 
     </span>
     <span class='ocr_line' id='line_1_39' title="bbox 517 1963 1605 2016; baseline -0.013 -11"><span class='ocrx_word' id='word_1_207' title='bbox 517 1976 676 2016; x_wconf 80' lang='lat' dir='ltr'>Aristogito</span> <span class='ocrx_word' id='word_1_208' title='bbox 1406 1964 1421 1977; x_wconf 68' lang='lat'>¹*</span> <span class='ocrx_word' id='word_1_209' title='bbox 1432 1963 1605 2003; x_wconf 82' lang='lat' dir='ltr'>aristogiton</span> 
     </span>
     <span class='ocr_line' id='line_1_40' title="bbox 443 2004 1580 2057; baseline -0.012 -10"><span class='ocrx_word' id='word_1_210' title='bbox 443 2029 452 2047; x_wconf 83' lang='grc' dir='ltr'>ι</span> <span class='ocrx_word' id='word_1_211' title='bbox 462 2028 506 2057; x_wconf 86' lang='lat'>¹7·</span> <span class='ocrx_word' id='word_1_212' title='bbox 519 2017 609 2046; x_wconf 79' lang='lat' dir='ltr'>affert</span> <span class='ocrx_word' id='word_1_213' title='bbox 627 2016 705 2054; x_wconf 62' lang='lat' dir='ltr'>loci5</span> <span class='ocrx_word' id='word_1_214' title='bbox 1404 2004 1462 2035; x_wconf 90' lang='lat' dir='ltr'>loci</span> <span class='ocrx_word' id='word_1_215' title='bbox 1476 2004 1580 2034; x_wconf 86' lang='lat' dir='ltr'>affert:</span> 
     </span>
     <span class='ocr_line' id='line_1_41' title="bbox 518 2054 1512 2094; baseline -0.014 -8"><span class='ocrx_word' id='word_1_216' title='bbox 518 2067 635 2086; x_wconf 88' lang='lat' dir='ltr'>sommo</span> <span class='ocrx_word' id='word_1_217' title='bbox 655 2055 752 2094; x_wconf 78' lang='lat' dir='ltr'>(error</span> <span class='ocrx_word' id='word_1_218' title='bbox 766 2054 899 2094; x_wconf 65' lang='lat' dir='ltr'>typogr.)</span> <span class='ocrx_word' id='word_1_219' title='bbox 1404 2055 1512 2073; x_wconf 91' lang='lat' dir='ltr'>somno</span> 
     </span>
     <span class='ocr_line' id='line_1_42' title="bbox 519 2084 1684 2137; baseline -0.014 -9"><span class='ocrx_word' id='word_1_220' title='bbox 519 2099 557 2127; x_wconf 82' lang='lat' dir='ltr'>At</span> <span class='ocrx_word' id='word_1_221' title='bbox 569 2107 641 2128; x_wconf 78' lang='lat' dir='ltr'>vero</span> <span class='ocrx_word' id='word_1_222' title='bbox 656 2097 762 2137; x_wconf 80' lang='lat' dir='ltr'>sapiens</span> <span class='ocrx_word' id='word_1_223' title='bbox 782 2094 835 2125; x_wconf 80' lang='lat' dir='ltr'>ille,</span> <span class='ocrx_word' id='word_1_224' title='bbox 1340 2095 1394 2110; x_wconf 85' lang='lat'>=</span> <span class='ocrx_word' id='word_1_225' title='bbox 1404 2085 1454 2115; x_wconf 87' lang='lat' dir='ltr'>ille</span> <span class='ocrx_word' id='word_1_226' title='bbox 1469 2084 1596 2126; x_wconf 85' lang='lat' dir='ltr'>sapiens.</span> <span class='ocrx_word' id='word_1_227' title='bbox 1614 2086 1684 2120; x_wconf 74' lang='lat' dir='ltr'><strong>(R.)</strong></span> 
     </span>
     <span class='ocr_line' id='line_1_43' title="bbox 443 2125 1569 2170; baseline -0.014 0"><span class='ocrx_word' id='word_1_228' title='bbox 443 2152 454 2170; x_wconf 91' lang='lat'>1</span> <span class='ocrx_word' id='word_1_229' title='bbox 465 2141 510 2170; x_wconf 79' lang='lat'>18.</span> <span class='ocrx_word' id='word_1_230' title='bbox 520 2139 623 2168; x_wconf 82' lang='lat' dir='ltr'>vinclis</span> <span class='ocrx_word' id='word_1_231' title='bbox 1407 2127 1422 2141; x_wconf 68' lang='lat'>²</span> <span class='ocrx_word' id='word_1_232' title='bbox 1443 2125 1569 2156; x_wconf 84' lang='lat' dir='ltr'>uinculis</span> 
     </span>
     <span class='ocr_line' id='line_1_44' title="bbox 520 2167 1652 2220; baseline -0.014 -11"><span class='ocrx_word' id='word_1_233' title='bbox 520 2185 661 2220; x_wconf 82' lang='lat' dir='ltr'>paratum</span> <span class='ocrx_word' id='word_1_234' title='bbox 672 2177 760 2207; x_wconf 81' lang='lat' dir='ltr'>nobis</span> <span class='ocrx_word' id='word_1_235' title='bbox 1407 2167 1493 2195; x_wconf 84' lang='lat' dir='ltr'>nobis</span> <span class='ocrx_word' id='word_1_236' title='bbox 1513 2174 1652 2205; x_wconf 85' lang='lat' dir='ltr'>paratum</span> 
     </span>
     <span class='ocr_line' id='line_1_45' title="bbox 443 2207 1504 2260; baseline -0.012 -9"><span class='ocrx_word' id='word_1_237' title='bbox 443 2222 561 2260; x_wconf 83' lang='lat' dir='ltr'>119.Sin</span> <span class='ocrx_word' id='word_1_238' title='bbox 569 2218 744 2250; x_wconf 82' lang='lat' dir='ltr'>reflantibus</span> <span class='ocrx_word' id='word_1_239' title='bbox 755 2221 808 2253; x_wconf 90' lang='lat'>(—</span> <span class='ocrx_word' id='word_1_240' title='bbox 822 2217 863 2244; x_wconf 76' lang='lat' dir='ltr'>sin</span> <span class='ocrx_word' id='word_1_241' title='bbox 880 2226 894 2244; x_wconf 84' lang='lat' dir='ltr'><strong>e</strong></span> <span class='ocrx_word' id='word_1_242' title='bbox 905 2216 941 2245; x_wconf 89' lang='lat' dir='ltr'>R.</span> <span class='ocrx_word' id='word_1_243' title='bbox 957 2232 994 2236; x_wconf 92' lang='lat'>—</span> <span class='ocrx_word' id='word_1_244' title='bbox 1006 2215 1028 2242; x_wconf 84' lang='lat' dir='ltr'>si</span> <span class='ocrx_word' id='word_1_245' title='bbox 1039 2215 1106 2242; x_wconf 72' lang='lat' dir='ltr'>enim</span> <span class='ocrx_word' id='word_1_246' title='bbox 1119 2210 1310 2245; x_wconf 80' lang='lat' dir='ltr'>PABSECV)</span> <span class='ocrx_word' id='word_1_247' title='bbox 1411 2233 1416 2239; x_wconf 95' lang='lat'>.</span> <span class='ocrx_word' id='word_1_248' title='bbox 1440 2214 1467 2236; x_wconf 80' lang='lat' dir='ltr'>et</span> <span class='ocrx_word' id='word_1_249' title='bbox 1481 2207 1504 2236; x_wconf 77' lang='lat' dir='ltr'>si</span> 
     </span>
     <span class='ocr_line' id='line_1_46' title="bbox 519 2251 1530 2296; baseline -0.015 -6"><span class='ocrx_word' id='word_1_250' title='bbox 519 2260 590 2290; x_wconf 88' lang='lat' dir='ltr'>idne</span> <span class='ocrx_word' id='word_1_251' title='bbox 606 2260 748 2289; x_wconf 84' lang='lat' dir='ltr'>miserum</span> <span class='ocrx_word' id='word_1_252' title='bbox 763 2268 818 2286; x_wconf 82' lang='lat' dir='ltr'>esse</span> <span class='ocrx_word' id='word_1_253' title='bbox 839 2258 886 2284; x_wconf 79' lang='lat' dir='ltr'>uni</span> <span class='ocrx_word' id='word_1_254' title='bbox 899 2262 998 2296; x_wconf 82' lang='lat' dir='ltr'>potest</span> <span class='ocrx_word' id='word_1_255' title='bbox 1409 2251 1456 2276; x_wconf 82' lang='lat' dir='ltr'>um·</span> <span class='ocrx_word' id='word_1_256' title='bbox 1474 2259 1530 2276; x_wconf 71' lang='lat' dir='ltr'>esse</span> 
     </span>
     <span class='ocr_line' id='line_1_47' title="bbox 520 2287 1528 2342; baseline -0.016 -11"><span class='ocrx_word' id='word_1_257' title='bbox 520 2301 641 2342; x_wconf 75' lang='lat' dir='ltr'>epilogus</span> <span class='ocrx_word' id='word_1_258' title='bbox 654 2299 828 2329; x_wconf 70' lang='lat' dir='ltr'>(iuniorem.</span> <span class='ocrx_word' id='word_1_259' title='bbox 1409 2287 1528 2328; x_wconf 76' lang='lat' dir='ltr'>epc‘logos</span> 
     </span>
     <span class='ocr_line' id='line_1_48' title="bbox 520 2327 1714 2379; baseline -0.013 -6"><span class='ocrx_word' id='word_1_260' title='bbox 520 2343 688 2372; x_wconf 82' lang='lat' dir='ltr'>tribuamus</span> <span class='ocrx_word' id='word_1_261' title='bbox 706 2337 839 2379; x_wconf 80' lang='lat' dir='ltr'>aliquid:</span> <span class='ocrx_word' id='word_1_262' title='bbox 1407 2327 1522 2369; x_wconf 83' lang='lat' dir='ltr'>aliquid</span> <span class='ocrx_word' id='word_1_263' title='bbox 1537 2327 1714 2359; x_wconf 85' lang='lat' dir='ltr'>tribuamus.</span> 
     </span>
     <span class='ocr_line' id='line_1_49' title="bbox 521 2362 2202 2420; baseline -0.013 -9"><span class='ocrx_word' id='word_1_264' title='bbox 521 2383 640 2410; x_wconf 79' lang='lat' dir='ltr'>habeant</span> <span class='ocrx_word' id='word_1_265' title='bbox 654 2378 885 2420; x_wconf 79' lang='lat' dir='ltr'>aegritudinum,</span> <span class='ocrx_word' id='word_1_266' title='bbox 894 2375 1082 2413; x_wconf 74' lang='lat' dir='ltr'>formidinum,</span> <span class='ocrx_word' id='word_1_267' title='bbox 1094 2371 1309 2412; x_wconf 81' lang='lat' dir='ltr'>cupiditatum:</span> <span class='ocrx_word' id='word_1_268' title='bbox 1409 2370 1509 2399; x_wconf 69' lang='lat' dir='ltr'>liabent</span> <span class='ocrx_word' id='word_1_269' title='bbox 1531 2369 1726 2408; x_wconf 77' lang='lat' dir='ltr'>aegritudinem</span> <span class='ocrx_word' id='word_1_270' title='bbox 1750 2364 1948 2406; x_wconf 82' lang='lat' dir='ltr'>cupiditatum</span> <span class='ocrx_word' id='word_1_271' title='bbox 1971 2374 2029 2391; x_wconf 86' lang='lat' dir='ltr'>cum</span> <span class='ocrx_word' id='word_1_272' title='bbox 2052 2364 2123 2390; x_wconf 80' lang='lat' dir='ltr'>omni</span> <span class='ocrx_word' id='word_1_273' title='bbox 2136 2362 2202 2401; x_wconf 83' lang='lat' dir='ltr'>phi-</span> 
     </span>
     <span class='ocr_line' id='line_1_50' title="bbox 561 2408 1585 2464; baseline -0.014 -12"><span class='ocrx_word' id='word_1_274' title='bbox 561 2424 608 2464; x_wconf 78' lang='lat' dir='ltr'>qui</span> <span class='ocrx_word' id='word_1_275' title='bbox 620 2422 693 2451; x_wconf 77' lang='lat' dir='ltr'>omni</span> <span class='ocrx_word' id='word_1_276' title='bbox 708 2431 723 2450; x_wconf 80' lang='lat' dir='ltr'><strong>e</strong></span> <span class='ocrx_word' id='word_1_277' title='bbox 737 2417 930 2461; x_wconf 76' lang='lat' dir='ltr'>philosophia</span> <span class='ocrx_word' id='word_1_278' title='bbox 953 2442 960 2448; x_wconf 77' lang='grc'>.</span> <span class='ocrx_word' id='word_1_279' title='bbox 1446 2408 1585 2450; x_wconf 81' lang='lat' dir='ltr'>losophia</span> 
     </span>
    </p>
   </div>
   <div class='ocr_carea' id='block_1_7' title="bbox 2059 2790 2174 2819">
    <p class='ocr_par' dir='ltr' id='par_1_9' title="bbox 2059 2790 2174 2819">
     <span class='ocr_line' id='line_1_51' title="bbox 2059 2790 2174 2819; baseline -0.009 0"><span class='ocrx_word' id='word_1_280' title='bbox 2059 2790 2174 2819; x_wconf 75' lang='lat' dir='ltr'>Memo-</span> 
     </span>
    </p>
   </div>
  </div>
 </body>
</html>
