2485 3299
886 264 1192 341 me»
1282 263 1506 341 sa·

213 426 236 461 p
256 419 293 445 et
315 410 350 455 11,
386 417 399 444 t
414 416 451 446 et
466 407 518 444 th.
572 405 662 441 Inde
677 412 887 443 constanter
905 402 981 439 fere
1000 401 1164 452 legitur:
1181 402 1333 448 caelum,
1354 413 1490 442 maetus
1517 408 1599 457 (pro
1620 409 1764 458 metus),
1793 409 1943 459 aepulis,
1959 408 2140 457 faemina,

210 475 421 510 caelebritas
460 471 537 522 (sed
570 470 739 516 celaeber,
772 468 999 518 celaebrare),
1049 466 1241 515 saeculum,
1283 470 1537 518 repraehendo,
1577 474 1869 524 compraehendo,
1910 479 2141 518 caerimonia,

210 543 345 574 caeteri
363 537 562 587 (interdum
588 538 697 573 etiam
721 534 879 582 coeteri),
907 532 1039 567 laetum
1067 530 1194 578 (semel
1219 545 1289 582 pro
1309 534 1450 583 letum),
1472 542 1680 584 praecatio,·
1706 549 1835 576 contra
1863 554 1907 576 ne
1937 540 2021 590 (pro
2048 542 2142 587 nae),

209 611 290 656 cepi
309 606 392 657 (pro
413 606 531 657 coepi,
560 603 672 642 semel
689 600 883 653 caeperat),
904 599 1037 643 herere,
1065 609 1200 635 merere
1226 598 1310 652 (pro
1331 602 1513 653 moerere),
1535 608 1726 654 premium,
1742 620 1837 655 pene
1860 607 1984 656 (etiam
1996 608 2144 657 paene),

209 674 379 718 hesitans,
415 676 587 723 egerrime
598 685 612 715 ,·
644 670 792 719 clipeus,
820 671 958 717 cignus,
990 669 1135 710 cinicus,
1168 666 1344 714 delyrare,
1371 669 1513 716 sydera,
1548 669 1707 716 hylari-§5
1744 676 1857 706 ocium
1884 673 1965 722 (pro
1998 673 2144 718 otium),

210 743 362 784 ociosus,
383 741 581 788 negocium,
597 737 795 779 moesticia,
811 732 967 778 laeticia,
984 731 1216 777 solsticialis,·
1229 736 1361 782 speties
1379 748 1447 785 pro
1461 735 1615 787 species3
1629 735 1866 786 sepulchrum,
1879 737 2144 784 simulachrum,

209 805 403 851 lachryme,
436 802 711 845 melancolicam
732 822 783 828 -
814 807 994 851 tanquam,
1032 806 1216 849 utrunque,
1237 797 1446 850 plerunque,
1476 814 1686 852 quenquam,
1732 810 1978 848 veruntamen‚·
2008 805 2148 853 trophei

207 867 292 921 (pro
311 870 480 921 tropaei),
509 882 623 919 spera⁴
635 868 718 919 (pro
738 866 905 919 sphaera)
932 864 1083 916 phama,
1103 863 1309 914 Phene-stra,
1334 864 1494 915 phanum
1525 866 1733 918 (pro'fama,
1748 867 1836 916 fen„
1851 867 1941 918 fan.)
1974 868 2146 918 optinebzs

210 935 415 984 (interdum
437 947 507 983 pro
527 933 634 982 obt.),
651 933 797 968 athomi.
849 931 950 967 Alias
971 942 1123 979 quoque
1143 930 1402 979 aspirationem
1422 931 1523 969 addit
1540 932 1598 968 vel
1617 934 1775 969 omittit:
1809 933 1993 980 helysium,
2014 934 2145 982 hec-qui,

208 1000 364 1036 hostium
377 999 461 1050 (pro
475 997 638 1049 ostium),
646 997 743 1049 proh
762 1012 772 1045 ;
801 996 900 1043 ilum,
931 995 1160 1033 exalationes
1180 996 1263 1048 (pro
1277 995 1356 1044 hil„
1388 997 1534 1050 exhal.>.
1586 1000 1825 1039 Accusativos
1846 1009 1883 1037 et
1902 999 2147 1037 nominativos

210 1065 369 1115 plurales
388 1077 464 1100 non
482 1065 520 1100 in
539 1077 578 1100 es
598 1064 664 1100 sed
688 1065 726 1099 in
759 1067 790 1098 is
813 1063 1030 1099 terminatos
1049 1061 1200 1107 exhibet
1224 1065 1301 1100 fere
1321 1066 1421 1101 XIX.
1474 1067 1688 1117 Saepissime
1709 1068 1824 1103 verba
1851 1051 2147 1118 conjunguntur,

209 1139 270 1168 ut:
297 1143 514 1180 magnopere
537 1131 620 1180 (pro
639 1143 774 1181 magno
791 1130 927 1180 opere)⁴
949 1137 1145 1179 tantopere,
1166 1132 1421 1179 impraesentia
1435 1130 1517 1182 (pro
1533 1132 1570 1168 in
1585 1131 1727 1183 praes.),
1742 1137 1942 1183 quominus,
1957 1132 2146 1184 quomodo,

209 1262 474 1311 mediusfidius,·
500 1275 569 1299 nec
599 1275 683 1298 raro
712 1262 828 1298 habet
848 1275 905 1298 ex.
921 1275 952 1298 c.
961 1270 1067 1311 perte
1080 1274 1151 1312 pro
1163 1275 1228 1312 per
1243 1272 1291 1309 te,
1322 1262 1456 1298 e'doctis
1481 1276 1549 1313 pro
1582 1276 1602 1299 e
1633 1263 1764 1310 doctis,
1789 1264 1882 1300 a‘deo
1916 1278 1985 1314 pro
2013 1278 2035 1300 a
2062 1263 2145 1308 deo,

210 1326 447 1377 (praepositio
461 1335 616 1363 accentu
631 1327 815 1377 notatur);
834 1340 878 1363 ne
897 1335 1027 1364 contra
1040 1326 1262 1378 plerumque
1277 1326 1514 1380 disjungitur,
1535 1337 1578 1365 ut
1591 1341 1663 1364 non
1681 1342 1725 1365 ne
1739 1341 1807 1381 pro
1822 1341 1957 1382 nonne.
1986 1329 2148 1365 Nomina

209 1395 358 1443 propria
383 1394 605 1444 plerumque
630 1395 747 1445 prima
772 1394 876 1431 litera
905 1395 1049 1431 minore
1078 1403 1118 1431 et
1145 1393 1303 1444 plurima
1334 1404 1511 1446 corrupte
1542 1396 1768 1432 scribuntur.
1840 1396 1917 1433 Sic:
1959 1395 2145 1433 Aetholia.

211 1461 398 1496 acheronte
423 1461 570 1510 (pro—
583 1462 700 1509 unte),
727 1461 853 1507 chrito,
879 1461 1037 1506 chritias,
1065 1461 1302 1510 chrespontes,
1328 1454 1532 1509 corynthus,
1556 1474 1697 1512 cyneas,
1724 1460 1941 1506 dicearchus,
1955 1461 2145 1505 endimion,

211 1539 326 1572 eacus,
340 1530 551 1576 epicarmus,
567 1526 825 1576 epaminundas
845 1527 1099 1577 (et—ondas),
1113 1518 1295 1575 erictheus,
1308 1527 1497 1578 hyspania,
1510 1527 1695 1576 helysium,
1707 1527 1882 1578 horpheus
1895 1527 1947 1577 (in
1956 1528 2146 1578 margine),

212 1594 413 1641 loamedon,
441 1594 714 1641 lacedemonius,
741 1594 878 1641 laeena,
899 1607 1091 1642 meneceuS,
1122 1608 1272 1640 museus,
1302 1607 1441 1642 menon,
1468 1593 1645 1642 mitylene,
1660 1593 1797 1642 mydas,
1809 1597 1944 1640 nevucs,
1965 1607 2145 1629 occeanus.

205 1661 412 1709 polyclitos,
432 1661 672 1709 ptholomeus,
693 1665 875 1710 panetius,
889 1661 1060 1710 phedrus,
1079 1659 1301 1711 pherecides,
1321 1659 1538 1707 symonides,
1551 1664 1701 1709 sepsius,
1716 1660 1873 1710 sisiphus
1886 1660 1938 1709 (et
1953 1660 2147 1709 simplius),

210 1727 371 1776 spat-tha,
396 1727 552 1772 thiestes,
578 1726 740 1773 thimeus,
768 1726 959 1773 theodetes,
977 1726 1220 1776 termophilae,
1235 1725 1366 1772 ulixes,
1379 1738 1454 1773 yno
1468 1732 1533 1761 etc.
1587 1724 1780 1761 Praeterea
1792 1724 1894 1761 haud
1908 1738 1991 1761 raro
2006 1738 2148 1776 permu

211 1802 337 1830 tantur
355 1798 546 1830 aestimare
574 1803 611 1830 et
630 1797 851 1841 existimare,
883 1807 947 1830 nec
976 1802 1013 1830 et
1030 1807 1085 1840 ne,
1112 1793 1203 1829 duos
1227 1804 1295 1842 pro
1324 1791 1408 1837 duo,
1433 1804 1646 1840 cognoscere
1668 1799 1705 1826 et
1733 1803 1939 1840 agnoscere,
1970 1795 2015 1825 iis
2030 1791 2148 1834 ethis,

211 1861 322 1895 isthuc
355 1874 423 1910 pro
458 1861 563 1906 istud,
604 1861 690 1896 haec
718 1870 754 1897 et
780 1861 858 1896 hoc.
912 1861 1113 1897 Poetarum
1143 1859 1239 1910 dicta
1264 1871 1343 1894 non
1362 1857 1543 1893 distinctis
1562 1857 1728 1893 versibus
1747 1856 1810 1892 sed
1826 1857 2012 1893 continuis
2032 1857 2151 1892 verbis

210 1926 379 1962 librarius
399 1926 552 1977 scripsit.
604 1926 647 1961 In
662 1939 837 1962 versuum
856 1924 928 1961 fine
944 1925 1056 1962 verba
1073 1924 1167 1961 bene
1182 1920 1392 1975 disiungere
1405 1922 1509 1958 solet.

286 1992 470 2028 Orationis
509 1992 672 2027 membra
711 2005 731 2027 a
766 2004 878 2027 manu
914 1991 1031 2040 prima
1057 1998 1235 2039 quattuor
1260 1997 1406 2024 tantum
1433 1987 1543 2037 signis
1571 1986 1861 2037 distinguuntur,
1891 1999 2052 2052 quorum
2080 1996 2148 2021 tria

210 2056 289 2105 (2.
310 2065 346 2092 et
372 2058 409 2105 l)
437 2056 663 2107 promiscue,
689 2068 731 2091 ac
757 2056 917 2106 primum
943 2054 1093 2105 quidem
1132 2053 1161 2103 (ε
1181 2052 1239 2089 vel
1258 2052 1382 2103 potius
1403 2051 1433 2100 ε)
1468 2051 1772 2101 frequentissime,
1802 2052 1952 2087 tertium
1984 2049 2072 2087 vero
2093 2052 2147 2100 (s)

209 2123 390 2158 rarissime
418 2121 589 2158 librarius
606 2122 785 2159 adhibuit.
840 2122 982 2169 Quarto
1000 2123 1106 2173 signo
1126 2118 1504 2169 (?)'interrogationes
1523 2126 1565 2152 ut
1585 2116 1788 2167 plurimum
1804 2126 1905 2153 recte
1925 2116 2144 2153 indicantur.

210 2188 333 2223 Serior
364 2200 494 2223 manus
511 2188 549 2223 in
570 2187 757 2238 prioribus
775 2185 911 2222 codicis
930 2185 1101 2236 plagulis,
1133 2187 1291 2237 genuina
1320 2185 1622 2234 interpunctione
1653 2185 1842 2220 interdum
1869 2194 2024 2229 mutata,
2055 2198 2148 2220 nova

211 2254 312 2303 signa
340 2253 369 2302 [ς
389 2262 426 2290 et
445 2252 500 2302 ()]
526 2253 708 2303 apposuit.

287 2318 432 2356 Titulus
461 2318 547 2355 libri
573 2319 682 2369 primi
708 2320 760 2355 sic
787 2332 824 2355 se
848 2318 979 2356 habet:

668 2374 838 2421 MA‘RCI.
870 2386 1040 2421 TVLLII.
1088 2383 1350 2421 CICERONIS.
1385 2382 1465 2418 AD.
1508 2382 1559 2418 Μ.
1599 2381 1692 2417 an

667 2450 782 2487 TVM.
853 2450 1215 2497 QVAESTIONVM.
1281 2449 1686 2487 TVSCVIANARVM.

669 2516 745 2553 DE.
811 2516 1196 2553 CONTEMNENDA.
1275 2516 1456 2552 MORTE.
1536 2516 1686 2552 LIBER.

667 2583 859 2619 PRIMVS.
925 2584 1116 2620 INCIPIT.
1176 2583 1438 2621 FELICITER.
1494 2582 1685 2619 Praefatio.

287 2651 503 2684 Ceterorum
528 2647 711 2684 librorum
738 2649 848 2695 tituli,
888 2650 1028 2685 omissis
1054 2651 1175 2686 verbis
1212 2650 1288 2697 „ad
1303 2650 1354 2684 JII.
1375 2649 1549 2703 Βηιῐιιζηα
1575 2659 1611 2685 et
1638 2650 1708 2695 „de
1727 2647 1979 2684 contemnenda
2007 2650 2145 2681 ιηοντιε»ιι

212 2725 284 2751 tres
311 2714 423 2751 modo
450 2714 563 2749 lineas
589 2714 749 2763 explent.
804 2716 847 2752 In
875 2715 946 2751 fine
982 2714 1116 2752 codicis
1143 2717 1256 2752 habes
1276 2716 1387 2752 haec:
1429 2716 1596 2753 MARCI.
1636 2714 1803 2751 TVLLII.
1831 2714 1937 2750 CICE
1961 2713 1966 2763 Ι
1991 2714 2145 2751 RONIS.

210 2777 570 2827 QVAESTIONVM.
611 2779 763 2816 TVSCV
787 2780 791 2830 Ι
817 2780 1069 2818 LANARVM.
1110 2781 1261 2818 LIBER.
1302 2781 1522 2828 QVINTVS.
1547 2779 1553 2828 Ι
1576 2779 1615 2814 ὣ.
1664 2777 1883 2814 VLTIMVS.
1913 2778 2148 2815 EXPLICIT.
